5717 6575
443 638 495 715 36
1147 632 1175 705 f.
1217 633 1278 704 DE
1304 633 1518 705 CAESARIS
1539 632 1734 705 AUGUSTI

445 824 563 899 aaroni
587 821 845 914 necessarium,
877 829 918 897 ut
946 821 1048 899 istius
1082 822 1307 899 familiarium
1335 825 1486 927 gratiam
1521 829 1557 899 et
1582 816 1862 899 benevolentiam
1891 823 1964 897 ullo
1989 820 2094 897 oflicii
2121 847 2253 925 genere
2274 823 2435 902 ambiret.

443 942 561 1042 Atque
586 943 641 1014 vel
664 967 743 1015 cam
768 939 813 1014 ob
837 966 999 1017 caussam
1027 942 1204 1018 affirmare
1228 945 1354 1039 ausim,
1378 944 1593 1045 Augustum,
1609 942 1799 1016 Dictatoris
1820 940 1986 1015 heredem
2003 950 2037 1016 et
2053 941 2176 1036 filimn,
2199 968 2246 1017 ne
2265 944 2332 1018 hoc
2351 944 2437 1046 qui·

445 1059 530 1135 dem
552 1067 727 1161 ternpore,
752 1085 823 1161 quo
846 1062 1003 1135 Hirtium
1027 1069 1063 1136 ct
1085 1064 1238 1137 Pansam
1263 1067 1468 1162 conjunctos
1491 1063 1530 1136 in
1553 1063 1746 1138 Puteolano
1772 1059 2039 1156 exercebetffl),
2076 1085 2119 1134 co
2146 1087 2248 1136 usum
2272 1088 2352 1138 esse
2377 1062 2436 1139 di·

445 1177 547 1256 cendi
571 1179 755 1281 magistro.
806 1180 862 1253 Ac
886 1182 916 1254 si
941 1182 1138 1282 aPhilippo
1164 1191 1199 1257 et
1223 1182 1391 1256 Marcello
1418 1189 1563 1281 rogatus
1596 1180 1646 1254 illi
1664 1180 1785 1281 juveni
1820 1175 2028 1253 declamanti
2060 1203 2166 1261 aures
2198 1180 2434 1279 praebuisset,

443 1298 568 1399 ecquis
585 1306 640 1373 est
663 1298 722 1399 qui
744 1297 879 1373 dubitet
901 1300 987 1399 quin
1013 1304 1089 1400 ejus
1110 1301 1164 1375 rei
1188 1299 1404 1374 mentionem
1427 1299 1572 1374 fecisset
1594 1300 1634 1373 in
1659 1298 1820 1398 epistolis
1845 1296 1892 1371 ad
1906 1298 2064 1371 Atticum
2086 1297 2217 1373 aliosve
2234 1300 2434 1377 familiares

444 1424 553 1517 atque
575 1442 655 1491 omn
678 1420 858 1492 stomacho
884 1427 945 1492 aut
968 1443 1050 1491 cum
1071 1444 1157 1494 suae
1183 1444 1313 1520 operae
1337 1418 1595 1520 praedicatione
1618 1414 1764 1491 nhrdam
1784 1439 1884 1491 suam
1897 1416 2109 1491 ¹facilitatem
2123 1416 2168 1491 dc
2186 1442 2285 1493 more
2299 1423 2435 1520 jactas-

444 1530 528 1612 set?
581 1535 953 1612 verumenimvero
986 1539 1142 1612 omnium
1177 1539 1334 1614 maxime
1372 1534 1621 1612 consideranda
1644 1543 1727 1611 sunt
1747 1542 1929 1635 tempora,
1962 1560 2054 1636 quae
2075 1536 2263 1613 Dictatoris
2287 1537 2435 1612 caedem

444 1654 605 1729 insecuta
628 1664 731 1748 sunt,
766 1656 904 1757 utrique
928 1664 963 1730 et
984 1655 1167 1732 Consulari
1192 1663 1227 1731 et
1244 1657 1368 1757 juveni
1401 1656 1455 1729 illi
1477 1680 1641 1730 curarum
1665 1656 1956 1756 negotiorumque
1981 1654 2196 1754 plenissima.
2245 1656 2434 1758 Augustus

444 1773 508 1847 rix
528 1773 663 1848 Urbem
684 1773 870 1875 ingressus
891 1772 932 1847 id
958 1777 1060 1850 unico
1085 1775 1231 1879 agebat,
1254 1784 1295 1851 ut
1320 1800 1400 1850 curu
1423 1774 1476 1850 Μ.
1502 1774 1658 1850 Antonio
1689 1774 1844 1849 Consule
1867 1774 2013 1873 aliisque
2038 1773 2258 1849 Caesarianis
2283 1778 2435 1874 conjun-

445 1898 521 1966 ctus
542 1892 707 1966 avunculi
729 1891 872 1968 caedem
894 1894 1036 1993 puniret
1060 1903 1166 1996 atque
1187 1897 1325 1969 aemulo
1351 1917 1465 1993 passu
1487 1891 1532 1967 ad
1555 1918 1675 1968 rerum
1698 1916 1874 1966 summam
1896 1889 2130 1967 contenderet.
2169 1892 2291 1993 Quum
2316 1902 2435 1970 autern

445 2018 482 2086 et
504 2018 625 2084 contra
648 2013 861 2086 voluntatem
883 2021 1041 2086 suamet
1064 2021 1204 2113 practer
1230 2014 1427 2113 opinionem
1450 2010 1654 2107 accidisset,
1685 2019 1726 2084 ut
1749 2007 1795 2082 de
1825 2009 2017 2084 hereditate
2041 2036 2121 2084 cum
2146 2011 2301 2087 Consule
2327 2012 2435 2088 disai-

444 2127 566 2223 dcret,
592 2126 777 2205 discordiis
797 2132 975 2232 utrimque
1000 2132 1165 2233 agitatis,
1192 2134 1280 2206 nihil
1301 2131 1542 2232 praetermisit
1567 2133 1653 2232 quin
1679 2130 1772 2204 hunc
1807 2130 1843 2202 in
1879 2128 2001 2203 odium
2030 2126 2224 2205 adduceret
2245 2130 2339 2231 apud
2365 2156 2435 2232 po-

444 2248 590 2346 pulum,
614 2274 654 2323 ae
679 2259 798 2323 autem
821 2251 858 2323 in
883 2254 959 2349 ejus
982 2250 1144 2325 favorem
1166 2252 1373 2325 insinuaret.
1425 2250 1469 2324 ld
1493 2249 1525 2323 ai
1549 2255 1689 2323 versute
1715 2248 1846 2347 pariter
1871 2272 1912 2323 ac
1937 2246 2061 2322 sedulo
2087 2249 2203 2350 agenti
2222 2274 2293 2323 non
2310 2251 2435 2327 licebat

444 2365 579 2442 Urbem
602 2368 803 2468 relinquare
826 2366 1027 2469 diutiusque
1052 2370 1090 2442 in
1115 2369 1228 2444 vitrici
1253 2372 1343 2445 villis
1369 2368 1530 2444 Ciceroni
1555 2368 1680 2442 vicinis
1706 2364 1862 2441 discendi
1885 2390 2011 2476 caussa
2030 2368 2177 2442 versari
2212 2367 2336 2472 ltaque
2351 2368 2435 2444 Au·

444 2492 573 2586 gustus
598 2512 663 2587 per
688 2488 839 2561 aestivos
863 2487 956 2561 illius
986 2488 1072 2561 anni
1094 2514 1232 2565 menses
1255 2489 1398 2589 ancipiti
1420 2512 1542 2561 rorum
1564 2484 1782 2589 agendarum
1805 2486 2027 2561 watentione
2040 2486 2204 2587 agitatus
2224 2490 2436 2587 etpcrmnl·

445 2612 563 2676 torum
587 2605 945 2705 gravissimorumque
967 2609 1193 2706 occupatione
1217 2608 1437 2709 negotiorum
1461 2605 1642 2681 districtus
1668 2605 1755 2679 nihil
1770 2605 1887 2680 nrinus
1904 2606 2077 2706 cogitasse
2094 2604 2351 2681 existimandus
2366 2614 2434 2703 est,

446 2746 554 2822 quam
577 2730 618 2797 ut
640 2723 843 2799 Consularis
861 2724 957 2799 illius
982 2749 1055 2800 usu
1079 2752 1122 2801 ao
1145 2726 1397 2802 consuetudine
1423 2725 1619 2799 litterarum
1642 2724 1856 2798 humanitate
1879 2724 2003 2797 cultior
2029 2721 2234 2824 dicendique
2257 2725 2435 2801 exermta·

446 2840 617 2938 tionibus,
650 2840 749 2944 apud
783 2867 866 2917 eum
897 2844 1084 2939 institutis,
1120 2843 1255 2920 doctior
1278 2871 1320 2920 ae
1342 2843 1552 2945 prudentior
1577 2841 1751 2919 eraderet.
1800 2842 1927 2923 Cicero
1952 2843 1989 2916 in
2016 2842 2228 2942 Campaniae
2249 2844 2343 2918 villis
2365 2846 2435 2919 ali·

447 2958 618 3060 quamdiu
641 2961 756 3035 animo
785 2961 893 3036 anxio
923 2960 1164 3066 suspensoque
1194 2972 1433 3039 commoratus
1470 2987 1593 3037 mense
1623 2961 1733 3040 Junio
1759 2961 1940 3035 constitnit
1973 2962 2012 3036 in
2039 2959 2223 3037 Graeciam
2248 2964 2433 3062 proficisci.

446 3074 509 3155 Ad
532 3078 600 3154 hoc
619 3104 735 3179 usque
759 3087 897 3180 tempus
920 3082 1074 3156 Hirtimu
1100 3092 1135 3157 et
1153 3070 1310 3160 Pansam
1335 3085 1374 3157 in
1398 3086 1477 3183 ejus
1501 3079 1628 3156 vicinia
1652 3082 1825 3156 mansisse
1848 3104 1962 3179 eoque
1985 3078 2127 3154 dicendi
2149 3083 2320 3180 magistro
2345 3108 2433 3158 usos

448 3222 549 3292 esse,
574 3222 656 3271 oum
677 3198 748 3271 alia
770 3206 855 3272 sunt
880 3224 969 3300 quae
993 3199 1169 3302 probent,
1203 3210 1278 3276 tum
1303 3200 1388 3275 illud
1411 3200 1572 3302 inprimis
1594 3200 1715 3295 docet,
1749 3199 1845 3301 quod
1871 3199 2082 3275 Plutarchus
2107 3199 2144 3273 in
2164 3200 2235 3274 vit.
2262 3202 2374 3278 Cicer.
2398 3228 2431 3277 c.

447 3319 510 3394 43.
535 3323 668 3392 narrat.
720 3317 812 3392 Cum
836 3318 929 3392 enim
952 3320 1077 3396 Cicero
1100 3323 1140 3396 in
1165 3322 1350 3398 Graeciam
1376 3323 1564 3422 cogitaret,
1593 3318 1768 3421 designati
1790 3321 1840 3393 illi
1862 3318 2033 3395 Consules
2055 3320 2121 3393 iter
2137 3316 2267 3394 illudei
2290 3320 2435 3396 dissua-

449 3435 540 3509 sisse
563 3443 598 3509 et
620 3461 769 3536 rogasse
791 3463 872 3510 eum
897 3436 1072 3536 feruntur,
1108 3447 1149 3513 ut
1174 3466 1220 3515 ne
1246 3465 1285 3514 se
1311 3438 1513 3534 desereret,
1543 3445 1650 3537 atque
1675 3439 1734 3513 ille
1757 3438 1934 3536 recepisse
1959 3435 2104 3531 dicitur,
2140 3461 2365 3514 reversurum
2391 3465 2435 3516 se

450 3579 553 3648 esse,
577 3554 640 3629 ubi
664 3554 835 3632 Kalendis
860 3556 1038 3634 Jenuariis
1066 3583 1100 3635 a.
1126 3559 1172 3635 U.
1193 3559 1235 3635 C.
1262 3564 1348 3640 711.
1372 3586 1404 3634 s.
1426 3563 1490 3635 43.
1515 3559 1759 3659 magistrataun
1782 3557 1978 3632 inivisseut.
2028 3554 2160 3631 Notum
2183 3565 2257 3652 est,
2289 3557 2436 3634 Cicero·

449 3695 533 3748 uem
557 3674 784 3772 profectionis
807 3676 991 3752 eonsilium
1014 3677 1051 3750 in
1076 3677 1154 3778 ipso
1178 3678 1300 3752 itincre
1320 3677 1515 3777 abjecisse,
1539 3701 1722 3751 reversum
1743 3676 1780 3750 in
1802 3677 1902 3750 villas
1926 3700 2012 3749 mox
2031 3675 2189 3748 Romam.
2209 3675 2435 3753 contendisse

450 3799 486 3866 et
507 3790 608 3866 initio
633 3791 854 3894 Septembris
883 3796 999 3894 palum
1023 3796 1219 3872 inimicitias
1243 3823 1323 3871 cum
1348 3797 1400 3872 Μ.
1422 3794 1582 3871 Antonio
1601 3820 1727 3896 gerere
1760 3796 1930 3897 coepisse.
1979 3794 2060 3873 Jam
2083 3794 2150 3867 hoc
2174 3790 2319 3868 demum
2341 3803 2438 3870 tern-

448 3936 538 4012 pore
565 3909 722 3986 dixiruus
742 3913 968 4013 Augustum,
991 3915 1103 3988 vitrici
1124 3923 1162 3988 ct
1185 3916 1283 3989 leviri
1305 3917 1363 3989 sui
1389 3916 1599 3989 auctoritate
1625 3938 1667 3988 ac
1692 3914 1872 4009 suasione,
1896 3915 2119 4012 conjunctum
2143 3911 2255 3987 fuisse
2279 3939 2359 3987 cum
2370 3914 2438 3990 Ci-

449 4055 579 4106 cerone
601 4031 770 4130 propiore
795 4030 947 4130 quadam
970 4033 1228 4108 necessitudine
1251 4059 1291 4107 uc
1306 4033 1475 4108 sermonis
1492 4033 1781 4131 consiliorumque
1799 4033 2065 4106 counnunione:
2090 4055 2181 4130 quae
2195 4040 2311 4105 amco
2325 4057 2437 4132 quarn

450 4151 611 4249 ¹sejuncta
635 4147 744 4223 fuerit
769 4150 815 4224 ab
842 4137 938 4223 omrai
965 4147 1204 4226 doctrinarum
1227 4150 1343 4226 studio
1369 4149 1575 4250 dicendique
1597 4149 1922 4244 exercitationibus,
1956 4150 2134 4225 Plutarchi
2158 4175 2201 4224 ca
2225 4149 2269 4225 de
2291 4177 2331 4225 re
2351 4177 2437 4228 ver·

450 4265 520 4362 ba,
548 4265 674 4368 quibus
695 4267 781 4341 nihil
806 4275 861 4343 est
879 4266 1092 4365 evidentius,
1129 4271 1333 4370 planissime
1363 4266 1500 4343 docent.
1552 4267 1674 4368 Quum
1709 4268 1804 4343 enim
1826 4268 2034 4343 Plutarchus
2070 4268 2140 4363 ait,
2172 4269 2377 4370 Philippum
2398 4279 2438 4347 et

450 4383 662 4462 Marcellum
686 4386 892 4488 pepigisse,
915 4396 954 4461 ut
980 4387 1102 4464 Cicero
1126 4385 1197 4484 τὴν
1220 4385 1296 4463 ἄπο
1322 4395 1392 4462 τοῦ
1417 4381 1533 4487 λόγου
1560 4384 1626 4460 καὶ
1647 4393 1713 4480 τῆς
1735 4382 1920 4470 πολιτείας
1943 4381 2112 4484 δύναμιν
2139 4387 2181 4461 ἕν
2197 4415 2237 4463 τε
2249 4393 2295 4483 τῇ
2309 4387 2436 4487 βουλῃ

451 4499 519 4578 καὶ
542 4508 597 4601 rqi
625 4499 735 4600 δήμῳ
767 4505 952 4605 praeberet
980 4507 1165 4609 Augusto,
1197 4507 1255 4583 hio
1285 4514 1406 4582 contra
1438 4504 1625 4580 Consulari
1657 4506 1708 4578 illi
1731 4502 1802 4600 τὴν
1833 4501 1909 4577 ἀπὸ
1930 4509 2011 4578 τῶν
2029 4500 2241 4604 χρημάτων
2262 4503 2330 4579 καὶ
2353 4514 2439 4583 τῶν

452 4617 582 4696 ὅπλων
604 4617 815 4719 ἀσφάλειαν
839 4634 1052 4727 praestaret,
1079 4626 1159 4727 quis
1186 4633 1239 4704 est
1262 4627 1348 4728 quin
1367 4625 1506 4720 videat,
1529 4625 1634 4699 istam
1658 4624 1862 4698 sociantem
1891 4646 1935 4697 eo
1960 4623 2107 4698 oonsilio
2130 4623 2255 4698 initam
2279 4647 2369 4719 esse,
2397 4633 2440 4702 ut

451 4737 542 4838 ¹ulter
564 4740 710 4816 alterius
732 4743 858 4844 opibus
884 4770 971 4820 suae
996 4745 1160 4820 factionis
1182 4770 1270 4845 opes
1293 4751 1442 4846 augeret
1462 4769 1504 4818 ac
1528 4767 1594 4819 sua
1615 4742 1767 4844 quisque
1790 4743 1932 4818 consilia
1953 4750 2224 4844 exsequeretur.
2271 4741 2438 4820 Accede-

452 4853 513 4933 bat
536 4853 631 4960 quod
655 4858 715 4933 illa
739 4862 936 4962 conjunctio
962 4865 1039 4940 sine
1063 4871 1182 4939 mutua
1205 4863 1367 4965 opinione
1388 4863 1548 4960 drtutis,
1581 4869 1746 4964 quaeest
1777 4861 1977 4937 ammarum
2007 4861 2242 4959 conciliatrix,
2279 4862 2440 4941 instituta

521 5010 568 5079 76)
590 5013 644 5066 Per
663 5011 717 5068 hoc
738 5020 840 5083 tempus
860 5015 982 5086 suspicor
1007 5029 1067 5070 curn
1090 5015 1212 5072 Gaaucm
1233 5014 1363 5070 accidisse
1384 5013 1424 5084 id,
1465 5013 1554 5069 Cicer·
1576 5014 1651 5084 Brut.
1672 5031 1700 5084 p.
1716 4981 1873 5068 LXXXVI..
1886 5015 1973 5070 Porro
1995 4985 2052 5085 pro¹
2069 5015 2142 5082 vulg·
2165 5014 2195 5067 is
2215 5013 2314 5081 pesclo
2329 5019 2440 5074 uentu

453 5095 527 5167 quod
546 5097 661 5164 legimus
681 5114 725 5166 up.
747 5098 901 5156 Quintilian.
923 5102 945 5154 1.
966 5100 1014 5154 Or.
1037 5101 1113 5156 Libr.
1136 5102 1205 5157 vul.
1225 5115 1251 5154 o.
1265 5100 1292 5156 8.
1315 5098 1343 5168 5.
1364 5099 1424 5156 bh:
1465 5097 1662 5153 Gernhardiurn
1690 5098 1799 5168 reposui
1823 5098 2003 5154 ammomum
2026 5099 2172 5154 amorrui
2194 5098 2373 5166 conjecturam
2407 5103 2440 5156 ts

452 5181 632 5250 „Emendarit
653 5181 705 5237 hoc
726 5182 808 5236 ctiam
823 5185 925 5244 urbane
946 5183 975 5237 in
995 5185 1085 5238 Hirtio
1101 5184 1213 5253 Cicero,
1236 5184 1294 5253 qui,
1312 5199 1372 5237 cunr
1394 5183 1424 5238 iu
1464 5183 1568 5251 mlo·
1600 5183 1752 5238 Ellendtius
1774 5185 1835 5240 hc.
1856 5185 2016 5254 probaturos
2034 5181 2141 5238 Pansae
2163 5183 2311 5238 uacuum
2333 5187 2362 5238 et
2376 5185 2440 5238 alo·

451 5263 568 5322 Pansam
584 5267 749 5335 (fechnaus,
764 5267 851 5332 filicae
867 5286 886 5322 o
901 5277 988 5321 moue
1003 5270 1088 5322 &aaa
1103 5267 1235 5322 mardoo
1252 5271 1281 5322 a's
1291 5276 1368 5322 atero
1380 5269 1424 5320 ls-
1467 5266 1590 5336 qucnu'ac
1606 5267 1709 5335 studia,
1726 5267 1806 5336 dicit,
1821 5269 1848 5324 ei
1864 5284 1882 5322 a
1898 5267 2028 5322 Cicerone
2044 5267 2199 5337 imcripurrn
2214 5283 2274 5321 asse
2289 5267 2389 5322 librum
2405 5269 2440 5324 ds

454 5359 513 5407 tum
528 5365 585 5404 erra
601 5350 723 5419 dixhset,
742 5351 828 5417 uasa,
846 5354 932 5417 ollae,
948 5352 1049 5421 iuquit,
1065 5353 1294 5421 tupesloaolest
1306 5349 1424 5421 smer‘
1465 5352 1547 5416 Arte,
1564 5353 1684 5418 allegans
1699 5351 1815 5407 Nonium
1835 5370 1862 5424 p.
1878 5352 1922 5407 30.
1939 5368 1965 5407 r·
1982 5353 2118 5406 insultu:
2141 5368 2194 5422 quo
2216 5357 2305 5412 unca
2325 5352 2356 5408 in
2374 5353 2441 5408 boo

455 5432 516 5492 (luc
532 5434 561 5488 in
575 5435 636 5490 loco
653 5436 718 5496 mihi
732 5454 788 5491 nou
804 5436 912 5492 dubium
928 5443 970 5491 est
985 5437 1050 5507 quin
1065 5436 1204 5492 vunnim
1219 5438 1255 5492 sit
1270 5437 1423 5505 conjectura
1464 5436 1531 5491 silut
1547 5435 1638 5492 hareni
1653 5436 1705 5491 nisi
1722 5438 1823 5506 aliquot
1839 5435 1978 5492 Ciceronis
1994 5437 2091 5506 rerba,
2108 5453 2176 5506 quac
2193 5452 2228 5505 ex
2245 5435 2384 5492 Charonis
2401 5437 2440 5492 ad

453 5518 519 5574 alui
533 5534 569 5573 ex
583 5521 739 5576 momoosu
756 5523 843 5577 Codd
860 5522 923 5580 Mat.
938 5521 1095 5576 lectionibus
1111 5524 1215 5575 romae
1231 5537 1328 5576 nomeu
1344 5521 1424 5576 reati·
1462 5523 1578 5576 Pansam
1600 5520 1720 5593 epistolis
1741 5526 1846 5592 sumptu
1868 5536 1929 5593 essa
1950 5522 2043 5578 auus
2064 5521 2181 5578 Ouellica
2203 5521 2265 5577 voa
2287 5522 2334 5580 lY·
2355 5522 2390 5579 P.
2408 5523 2439 5580 2·

455 5602 566 5672 mesu,
587 5601 653 5659 licet
672 5621 732 5660 cum
754 5607 914 5677 spaldingio
934 5605 1088 5662 subdubitat
1102 5605 1252 5664 Ellendtios
1267 5607 1377 5676 Prolcg.
1391 5606 1423 5662 in
1461 5623 1490 5676 p.
1502 5606 1564 5662 itt·
1590 5677 1594 5684 Ι
2033 5659 2036 5666 ,
2454 5633 2457 5638 ·
