5717 6575
693 637 1211 714 renunciaturum.
1240 637 1309 708 or.
1335 577 2010 713 somnnsonusrcummsro.
2274 631 2347 707 rur

963 827 1047 907 Quid
1068 846 1141 910 erqo
1160 845 1291 911 possum
1310 826 1413 910 iacere
1435 827 1500 905 tibi,
1523 828 1619 892 lector
1640 826 1732 913 Catu,

401 978 403 984 ,
939 913 998 980 —Si
1018 933 1075 978 uec
1095 915 1225 998 [abellae
1247 924 1275 978 te
1286 916 1428 996 juoaut,
1449 929 1506 977 uec
1524 913 1676 995 fabulae?

345 998 399 1066 nbi
420 996 529 1149 lntptt·
551 1005 758 1066 tantum-non
785 1019 890 1065 omues
921 998 1098 1087 intelligunt
1129 997 1327 1074 Censorium
1355 995 1410 1062 sed
1436 997 1530 1078 hunc,
1555 996 1705 1062 hominem
1725 993 1893 1084 jocularem
1918 1005 1951 1061 et
1976 993 2156 1063 ludicrorum
2184 1011 2344 1086 amantem,

343 1104 409 1150 non
430 1081 470 1149 du
491 1084 534 1149 ito
557 1084 627 1172 quin
648 1082 769 1150 tabulae
790 1083 889 1172 potins
907 1083 1044 1169 juverint
1071 1104 1156 1171 quam
1184 1104 1203 1146 a
1230 1081 1359 1147 lectione
1387 1081 1561 1147 averterint.
1603 1079 1716 1152 Verum
1741 1079 1899 1145 Phaedrus
1926 1081 2029 1168 procul
2056 1081 2144 1148 dubio
2173 1084 2210 1148 ob
2240 1087 2344 1154 oculos

343 1167 451 1235 hahuit
478 1167 670 1252 Uticensem,
699 1170 783 1256 utqui
810 1168 932 1234 Stoicus
962 1168 1110 1235 morosior
1138 1166 1307 1232 fabularum
1334 1187 1433 1252 nugas
1462 1186 1621 1253 earumque
1649 1165 1800 1230 levitatem
1828 1172 1859 1230 et
1875 1164 2078 1315 petulantiam
2102 1177 2259 1235 aversatus
2292 1173 2344 1239 sit.

345 1250 431 1319 Hinc
451 1251 530 1342 apud
552 1262 673 1341 poetas,
693 1253 833 1318 Phaedro
855 1254 1055 1343 posteriores,
1077 1253 1109 1318 in
1131 1253 1197 1337 ejus
1219 1251 1339 1317 nomine
1362 1259 1393 1315 et
1413 1251 1564 1315 mentions
1586 1251 1688 1317 inesse
1715 1270 1769 1315 coe
1791 1251 1814 1314 it
1835 1270 1874 1337 pn
1894 1250 1998 1314 icitiae
2026 1260 2057 1315 et
2078 1253 2227 1320 castitatis
2249 1257 2344 1340 notio,

346 1344 380 1403 et
398 1336 469 1406 inde
490 1338 634 1405 mutemus
655 1339 821 1428 impudicae
842 1348 874 1404 et
893 1339 1061 1404 lascivioris
1076 1336 1231 1403 excusatio
1254 1335 1385 1402 strenia
1402 1335 1502 1424 repeti
1523 1334 1650 1402 solebat
1672 1335 1725 1402 Sic
1778 1333 1894 1402 artialis
1911 1334 2001 1402 Libr.
2019 1334 2076 1401 lX.
2098 1336 2156 1426 Ep.
2175 1336 2228 1405 28.
2250 1362 2278 1406 u.
2292 1341 2343 1409 3.:

912 1423 976 1502 Qui
997 1433 1200 1506 spectatorem
1219 1422 1311 1505 potui
1331 1421 1437 1504 seuseu
1459 1418 1620 1503 Catonem,
2328 1423 2333 1432 '

959 1507 1087 1575 Sol-rore
1108 1510 1163 1592 qui
1185 1506 1314 1587 Curios,
1335 1505 1558 1588 Fabriciosque
1578 1522 1690 1587 paces
1708 1505 1762 1583 ¹³).

345 1590 379 1658 bl
417 1612 454 1657 ne
475 1589 507 1669 id
528 1593 664 1680 cuiqnam
685 1593 791 1659 mirum
812 1592 872 1659 erit
892 1600 961 1682 post
982 1591 1115 1658 notabile
1136 1591 1211 1656 illud
1233 1590 1361 1657 Catonis
1385 1588 1538 1655 Uticensis
1559 1589 1689 1671 lactum,
1717 1587 1794 1688 qood
1822 1588 1947 1679 respicit
1972 1587 2126 1657 Martialis
2154 1593 2186 1658 in
2206 1592 2346 1685 Epistola

346 1675 387 1742 ad
440 1685 571 1743 actorem
592 1678 682 1743 Libri
704 1678 746 1748 Ι..
788 1677 936 1764 „Siquis
960 1684 1141 1743 tumentem
1168 1676 1324 1740 ambitiose
1347 1674 1444 1739 tristis
1468 1682 1529 1756 est,
1559 1680 1592 1738 ut
1619 1673 1696 1739 and
1721 1675 1803 1739 rllom
1830 1675 1862 1739 in
1891 1673 1977 1741 nulla
2000 1677 2114 1764 pagina
2140 1676 2236 1744 latine
2264 1679 2346 1748 loui

346 1760 396 1826 las
417 1746 475 1847 sit,
497 1769 597 1875 potest
619 1762 747 1852 epistola
767 1764 817 1829 vel
837 1763 936 1850 potius
960 1760 1049 1827 titulo
1071 1769 1229 1826 contentos
1253 1781 1332 1825 esse.
1376 1758 1602 1846 Epigrammata
1623 1759 1684 1823 'lis
1707 1760 1893 1843 scribuntur,
1923 1761 1973 1846 qui
1993 1761 2092 1826 solent
2113 1771 2251 1851 spectare
2273 1763 2347 1832 Fo-

344 1844 445 1996 tales,
481 1847 553 1999 hrpn
573 1848 667 1914 intret
688 1847 766 1917 Cato
787 1847 938 1914 theatrum
956 1867 1063 1930 meum,
1085 1853 1137 1911 aut
1158 1845 1186 1910 si
1206 1844 1374 1928 intraverit,
1395 1852 1521 1933 spectet.
1564 1843 1679 1914 Videor
1699 1844 1772 1910 mihi
1792 1866 1858 1911 meu
1881 1845 1951 1932 jure
1972 1845 2121 1931 facturus,
2143 1848 2171 1913 si
2191 1849 2348 1939 epistolam

343 1950 425 1999 versu
448 1951 482 1998 us
504 1953 634 2000 ansero:

910 2015 1027 2084 Nosses
1042 2015 1174 2099 iocosae
1194 2014 1284 2081 dulce
1306 2032 1377 2079 cum
1398 2031 1526 2079 sacrum
1547 2013 1664 2082 llorae
1685 2012 1726 2089 ¹⁴)

909 2101 1079 2185 Festosque
1100 2103 1195 2166 lusus
1210 2109 1238 2164 et
1260 2100 1415 2165 licentiam
1435 2101 1532 2181 vulpi,

911 2185 979 2253 Cur
998 2189 1034 2253 io
1056 2188 1229 2267 theatrum,
1252 2182 1330 2250 Cato
1352 2203 1470 2258 sevae,
1491 2185 1626 2250 acuisti?

907 2272 959 2339 Ao
979 2273 1047 2339 ideo
1069 2280 1194 2338 tautum
1214 2288 1363 2351 oeuuas,
1393 2278 1429 2334 ut
1457 2269 1609 2335 esirestl‘t

337 2352 453 2430 ,hliror
472 2355 569 2422 fuisse
596 2356 646 2445 qni
666 2356 715 2423 hic
737 2357 908 2445 cogitarent
930 2355 966 2421 dc
990 2355 1161 2439 Censorio,
1185 2362 1217 2419 ut
1239 2354 1387 2421 Schwabe
1409 2353 1447 2419 ad
1467 2352 1598 2420 Phaedr.
1620 2352 1641 2422 b
1664 2375 1691 2423 c.
1712 2353 1783 2424 Vol.
1805 2354 1848 2423 ll.
1870 2376 1900 2445 p.
1921 2354 2009 2422 222:
2031 2376 2089 2444 qua
2109 2357 2250 2446 opinione
2270 2360 2348 2427 nihil

348 2447 399 2505 est
419 2439 537 2508 falsius.
556 2443 595 2522 ¹⁸)
648 2442 781 2508 Severus
810 2441 865 2507 ille
895 2439 973 2508 Cato
1001 2462 1088 2514 nemo
1117 2449 1165 2505 est
1186 2439 1263 2504 alius
1291 2461 1377 2526 qoam
1399 2438 1570 2514 Uticensis,
1597 2461 1662 2505 cum
1691 2439 1844 2506 Martialis
1871 2441 2041 2529 respexerit
2068 2441 2099 2508 id
2126 2443 2202 2530 quod
2228 2443 2348 2511 Seneca

346 2522 448 2613 Epist
468 2524 603 2597 XCVll.
624 2534 656 2603 s.
677 2527 708 2594 7.
730 2528 848 2626 attigit:
875 2525 1050 2610 „Catonem
1071 2524 1174 2606 illum,
1219 2545 1257 2589 uo
1283 2524 1409 2589 sedente
1432 2546 1472 2589 ue
1496 2532 1564 2589 atur
1609 2523 1713 2613 opulus
1756 2525 1907 2591 ermisisse
1934 2526 1992 2590 sibi
2021 2524 2174 2615 postulare
2203 2528 2346 2596 Florales

348 2608 433 2674 ’ocos
455 2608 658 2676 nudandarum
680 2610 911 2677 meretricum:“
933 2618 965 2676 et
984 2611 1134 2732 copiosius
1155 2547 1298 2679 Valerius
1319 2609 1446 2675 Maxim.
1467 2545 1556 2674 dtur.
1587 2545 1630 2675 ll.
1660 2631 1687 2676 c.
1712 2546 1767 2693 ld,
1788 2607 1819 2676 8.
1850 2611 2009 2676 memoriae
2031 2612 2175 2699 prodidit:
2203 2613 2347 2697 „Eodem

383 2689 437 2758 dos
459 2693 616 2778 Florales,
639 2716 716 2783 qnos
738 2696 872 2762 Messius
895 2693 1002 2762 aedibs
1034 2696 1059 2776 θ)
1083 2694 1228 2776 iaciebat,
1250 2703 1423 2782 spectante,
1445 2694 1587 2782 pupulus,
1617 2695 1784 2760 utillimae
1812 2693 2011 2777 nudarentur,
2038 2697 2191 2784 postulare
2219 2701 2348 2766 erubuit.

350 2775 439 2853 Quod
461 2799 525 2843 cum
548 2801 587 2844 ex
608 2780 757 2864 Favonio,
779 2781 957 2848 amicissimo
979 2780 1048 2863 sihi,
1071 2801 1131 2844 una
1152 2779 1276 2845 sedente
1304 2779 1512 2863 cognovisset,
1542 2777 1682 2845 discessit
1703 2803 1720 2844 e
1742 2781 1874 2863 theatro,
1896 2802 1936 2844 ne
1957 2781 2129 2868 praesentia
2155 2803 2217 2868 sna·
2231 2792 2348 2872 spectu·

349 2861 412 2927 usli
431 2863 676 2931 consuetudinem
697 2865 867 2954 impediret
911 2865 1006 2940 linem
1027 2866 1184 2930 abeuntem
1205 2865 1323 2952 ingenti
1346 2864 1451 2953 plausu
1479 2863 1605 2952 populus
1633 2871 1827 2954 prosecutus,
1854 2865 1984 2954 priscum
2012 2886 2125 2930 morem
2149 2866 2285 2952 jocorum
2314 2868 2347 2934 in

348 2966 471 3012 scenam
492 2950 644 3015 revocavit
664 2952 840 3036 confessos,
862 2949 929 3040 plns
951 2972 985 3017 se
1007 2950 1172 3036 majestatis
1194 2950 1248 3014 uni
1267 2949 1314 3014 illi
1337 2950 1487 3033 tribuere,
1510 2971 1595 3035 quam
1618 2950 1757 3015 universo
1786 2949 1845 3015 sibi
1871 2948 2056 3015 vindicare.“
2099 2948 2136 3014 ld
2164 2953 2250 3017 unice
2278 2974 2346 3042 per·

343 3030 450 3097 ‘finere
472 3031 511 3098 ad
532 3032 733 3118 Uticensem,
747 3036 899 3102 admonuit
923 3038 986 3123 jam
1013 3035 1142 3123 Pighius
1170 3033 1282 3100 Aonal.
1309 3033 1352 3101 Τ.
1377 3034 1437 3099 lll.
1466 3055 1496 3122 p.
1525 3032 1590 3100 389
1617 3057 1683 3122 sqq.
1711 3043 1834 3124 propter
1864 3033 2048 3116 Fauonium,
2075 3032 2251 3102 fidissimam
2281 3040 2375 3124 ejus.

347 3117 506 3199 comitem,
528 3119 578 3205 qui
599 3123 636 3184 ab
659 3143 695 3186 eo
726 3119 828 3187 divelli
853 3142 914 3187 non
964 3128 1078 3186 oterat:
1107 3142 1135 3186 v.
1156 3119 1229 3186 Not
1255 3117 1285 3185 7.
1310 3157 1349 3169 —
1382 3117 1469 3186 Plus
1497 3120 1702 3210 ambiguitatis
1723 3130 1755 3186 ct
1775 3119 1970 3187 dubitationis
1995 3119 2085 3185 habet
2113 3110 2197 3188 locos
2227 3121 2347 3190 lloratii

347 3198 437 3268 Libr.
460 3202 519 3270 111.
543 3203 600 3270 Od.
622 3205 675 3271 21.
698 3227 727 3273 v.
750 3205 819 3291 ll.,
842 3207 893 3271 ubi
913 3141 962 3273 ad
973 3205 1144 3294 amphoram
1168 3225 1329 3269 conversus
1351 3203 1409 3269 aits
1859 3240 1862 3247 ,

350 3293 355 3302 '
959 3291 1117 3359 Descende
1139 3289 1274 3356 Corcioo
1289 3286 1421 3373 jubente

963 3455 966 3460 q
1045 3375 1195 3441 Promere
1215 3374 1419 3458 lauquiaiora
1438 3378 1526 3442 uiua

960 3458 1035 3527 Nou
1055 3461 1123 3542 ille,
1145 3479 1337 3544 quamquam
1357 3458 1527 3527 Socraticis
1547 3461 1650 3527 madet

961 3543 1179 3627 Sermuoibus,
1202 3554 1231 3610 te
1252 3547 1378 3628 ueqliqel
1400 3547 1567 3611 baradus:

1042 3629 1210 3700 Narratur
1230 3641 1258 3697 et
1275 3633 1373 3715 prisci
1395 3630 1525 3697 Catonis

1127 3712 1226 3799 Saepe
1245 3734 1331 3781 mero
1355 3717 1486 3782 salubre
1505 3717 1623 3780 virtus:

387 3798 461 3866 oin
482 3798 548 3865 loco
568 3798 675 3865 lectori
697 3797 776 3865 ultro
798 3818 832 3865 se
853 3797 967 3865 offerre
989 3797 1134 3868 Catonem
1159 3800 1359 3884 Censorium,
1381 3799 1458 3865 hand
1482 3799 1630 3880 diffiteor,
1658 3818 1743 3884 quem
1765 3797 1854 3862 atium
1877 3796 2065 3864 Scholiastae
2086 3798 2270 3868 intellectum
2292 3823 2344 3869 vo·

359 3893 431 3966 nul,
458 3906 531 3972 quos
557 3885 657 3974 lntpp.
680 3884 746 3948 fere
769 3905 887 3966 omnes,
914 3905 986 3971 quos
1009 3888 1153 3967 noverim,
1175 3893 1349 3971 sequuntur.
1394 3886 1514 3950 Acron:
1542 3883 1715 3966 „Prisci“,
1749 3884 1955 3965 antiquioris,
1983 3902 2051 3948 uon
2075 3881 2234 3952 Uticensis.
2277 3888 2344 3954 Nec

347 3967 472 4051 desum,
495 3970 599 4055 quibus
622 3971 697 4033 haec
712 3968 926 4057 interpretatio
947 3970 1110 4036 muniatur.
1160 3969 1341 4034 Plutarchus
1365 3991 1390 4036 c.
1412 3969 1442 4036 l.
1463 3969 1576 4050 relect,
1599 3965 1746 4033 Censorio
1773 3967 1868 4031 luisse
1891 3968 2009 4032 tertium
2038 3988 2203 4055 cognomen
2225 3970 2344 4038 Priscis

368 4052 428 4119 oud
449 4061 547 4120 tamen
569 4074 677 4119 nomeu
700 4054 798 4118 serius
821 4053 934 4118 demum
956 4062 1052 4118 ortuum
1075 4056 1161 4140 eique
1182 4054 1306 4119 inditum
1335 4074 1404 4118 esse
1432 4053 1601 4141 suspicatur
1622 4052 1815 4115 Drumaunus
1838 4051 1919 4116 Hist.
1948 4050 1988 4115 ll.
2011 4051 2082 4120 vot.
2104 4052 2143 4121 V.
2186 4053 2288 4136 .97.,
2310 4067 2344 4122 ut

346 4074 584 4224 distingueretur
606 4139 642 4202 ab
666 4137 823 4220 Uticensi,
844 4139 889 4202 nti
909 4136 1011 4202 eadem
1034 4137 1071 4201 de
1093 4160 1200 4203 caussa
1222 4138 1388 4227 appelletur
1408 4134 1560 4220 Superior
1580 4158 1634 4202 seu
1655 4135 1767 4219 Major
1787 4157 1806 4199 a
1826 4134 1930 4203 Valer.
1950 4133 2038 4201 Max.
2064 4137 2152 4205 Libr.
2165 4075 2233 4205 ill.
2263 4162 2289 4212 c.
2309 4142 2344 4208 2.

347 4220 391 4305 o,
413 4223 546 4292 etLibr.
567 4221 655 4290 Vlll.
678 4244 705 4289 c.
728 4221 823 4289 152
846 4219 884 4291 cl.
904 4221 1027 4289 Aehani
1049 4222 1122 4294 Var-
1145 4222 1263 4291 ilistor.
1284 4222 1359 4289 Xll.
1386 4220 1417 4289 c.
1440 4232 1472 4287 et
1492 4220 1553 4288 via
1575 4242 1666 4310 snpra
1686 4221 1759 4291 Not.
1779 4217 1811 4290 9.
1825 4222 1865 4305 ¹⁷)
1906 4218 1993 4286 Nihil
2014 4220 2128 4288 dubitat
2148 4221 2343 4293 Drumaunus

348 4410 488 4478 Mones,
505 4410 631 4464 censoria
647 4409 781 4475 gravitate
799 4412 826 4461 el
842 4407 986 4462 severitate
1002 4407 1141 4477 insignesr
1166 4415 1254 4477 nunc,
1279 4409 1324 4463 in·
1372 4407 1499 4461 habuisse
1516 4408 1550 4460 tle
1561 4422 1591 4461 rs
1601 4407 1706 4459 Floria
1722 4405 1898 4460 existimetur.
1915 4406 1952 4460 st
1968 4405 2015 4460 isti
2027 4405 2147 4461 orationi
2159 4408 2256 4463 merito
2273 4428 2342 4467 con-

346 4479 407 4547 qoit
427 4478 581 4546 luvenalis,
607 4480 713 4532 tertium
737 4479 807 4530 Cato
836 4476 967 4530 divinitus
991 4478 1069 4546 quasi
1097 4478 1205 4530 oblatus
1234 4479 1321 4545 adest,
1371 4475 1522 4528 troversiae
1550 4479 1708 4541 mouentur,
1738 4490 1806 4541 quas
1833 4479 1975 4542 percenset
2000 4476 2126 4541 Meyerns
2151 4478 2239 4531 Oratt.
2260 4481 2340 4534 Rom.

345 4546 531 4613 Domitianus,
553 4546 600 4614 qui
616 4549 701 4600 multo
718 4543 840 4599 acumine
857 4550 886 4597 et
902 4560 1001 4613 magna
1017 4545 1162 4599 acerbitate
1179 4545 1218 4597 ita
1235 4545 1322 4612 signi.
1370 4544 1482 4608 ΜΨ,
1500 4544 1545 4597 γι,
1568 4560 1595 4610 ρ,
1618 4542 1653 4595 50
1670 4557 1727 4609 ,qq
1755 4541 1803 4619 ,up
1826 4541 1891 4594 mihi
1910 4543 1971 4607 jum
1994 4541 2102 4596 ,idem
2125 4559 2254 4614 neme,
2278 4562 2341 4603 om-

343 4613 441 4670 fioeluf
457 4619 486 4667 ‘t
502 4620 618 4694 timim·
1023 4679 1029 4692 ,
1102 4680 1108 4692 ,
1165 4679 1202 4732 lx
1268 4678 1274 4691 Ι
1370 4610 1472 4663 tionem
1488 4610 1564 4663 illam
1581 4625 1641 4661 com
1657 4609 1977 4677 Flomlrbnvqnidqoam
1994 4624 2133 4663 commune
2149 4612 2287 4671 habuisse.

345 4750 390 4832 c
407 4679 1319 4868 tat“articuscrassaturtspouaa
1368 4713 1670 4847 micturus
1685 4709 2340 4848 tottilascaturierunt

345 4818 820 4941 {pqffimffnffuxrgeffirlgile
837 4816 1212 4937 &uldgftsssslirpgglgg‘
1229 4818 1317 4950 ἔξαγ’,
1364 4849 1409 4917 jus
1426 4849 1508 4904 sibl.
1525 4846 1645 4901 Licinius
1663 4817 1780 4899 Crassus
1796 4817 1875 4902 Coss:
1892 4846 1948 4899 sois
1959 4818 2130 4901 ’laodooibus
2148 4850 2187 4905 Μ.
2204 4804 2338 4909 Catonllm

346 4919 473 5010 {⁰1³2ss
506 4955 613 5022 „Quid
635 4966 680 5005 me
701 4897 844 5018 edectatdd
867 4922 1042 5006 constricta·
1057 4952 1155 5019 fronte
1183 4919 1319 5020 Uatoues,
1367 4917 1522 4996 Uti⁰⁰l¹⁸⁰¹l¹
1544 4932 1561 4968 ²
1582 4916 1713 4968 prmum
1738 4916 1904 5035 ‘Blulemnb
1938 4917 2025 5035 glum
2054 4915 2088 4967 ‘¹⁰
2110 4916 2211 4972 M⁰⁸¹l0
2236 4920 2338 4978 habent

343 5022 535 5075 &malisve
547 5036 640 5075 novae
655 5021 857 5099 simplicitatis
874 5034 946 5084 opus
960 5019 983 5051 “
999 5020 1046 5073 nbi
1063 5021 1180 5073 lammae
1197 5027 1316 5089 praestat
1367 4988 1488 5066 ⁰l⁰¹¹¹¹¹⁸
1506 5001 1533 5063 Ῥ
1551 4985 1691 5105 02021832
1709 4988 1736 5037 ⁰²
1758 4998 1922 5104 Prummu·
1966 4985 2098 5106 leffium.
2116 4985 2177 5067 Vol.
2191 4987 2223 5041 V.
2235 5006 2263 5057 p.
2273 4992 2334 5059 171,

344 5092 440 5159 tegere
457 5094 610 5143 annuncia
626 5089 740 5156 frome,-
757 5088 820 5142 rude
838 5093 926 5141 temen
966 5104 1087 5141 ormano.
1102 5105 1130 5167 p,
1141 5089 1208 5167 Ι817.
1364 5069 1418 5176 33¹⁰
1435 5057 1738 5175 ‘fsspmzmghra‘m
1783 5057 1906 5120 ῐῦθίθῐθ,
1933 5066 1992 5106 ⁰001
2050 5058 2183 5109 esurus
2205 5072 2231 5110 a.
2248 5058 2282 5113 tt.
2301 5060 2334 5114 (l.

414 5156 459 5212 lt.
474 5158 551 5210 lardi
566 5157 770 5211 Florales-sius
791 5158 925 5209 Floralia
946 5172 1039 5208 mense
1061 5157 1149 5224 Aprrlr
1170 5158 1315 5226 celebrata,
1419 5159 1427 5177 ⁹
1459 5157 1467 5175 ·
1519 5158 1527 5174 ·
1569 5158 1576 5173 ·
1651 5156 1660 5173 ·

345 5230 378 5282 nt
398 5224 488 5279 omnia
508 5227 578 5279 bene
601 5226 813 5280 deflorescerent
836 5225 874 5287 tv.
891 5224 995 5276 Plinius
1011 5224 1048 5276 N.
1065 5224 1101 5275 Η.
1124 5224 1202 5279 Libr.
1219 5228 1317 5282 llVlll.
1434 5239 1477 5293 17.
1494 5238 1555 5291 Hoc
1571 5236 1738 5305 potissimum
1761 5235 1920 5305 cognomine
1939 5237 2076 5305 nitantur,
2099 5237 2144 5309 qui
2166 5240 2201 5292 ab
2218 5241 2335 5301 Horatio

345 5290 491 5375 929&
513 5292 589 5373 fflti.)
612 5294 642 5347 in
664 5292 795 5346 honorem
820 5291 958 5345 Chloridis
968 5291 1116 5359 Nymphas
1141 5293 1317 5358 agitabantur
1366 5309 1387 5363 1,
1405 5322 1429 5362 ς,
1449 5307 1579 5359 Catonem
1601 5306 1689 5370 ippum,
1712 5305 1787 5371 cuju,
1810 5305 1896 5358 ,inus
1919 5321 2001 5374 „epo
2022 5322 2096 5359 mm
2120 5307 2246 5376 caluerit,
2266 5317 2334 5376 m-

342 5375 374 5441 Ψ
391 5361 473 5415 ⁰¹¹⁰⁰
490 5362 625 5441 llam·
642 5365 673 5414 nt
689 5361 769 5414 ‘¹⁰⁰⁹‘
785 5359 870 5440 Gnd·
887 5361 994 5440 Βῗοιῗῐ
1010 5360 1044 5412 ‘¹⁰
1060 5361 1163 5413 R⁰¹¹¹⁸⁰
1180 5361 1242 5413 vei·
1256 5362 1319 5415 Mu·
1366 5389 1446 5427 scum
1469 5376 1631 5443 appellatum
1653 5390 1714 5426 esse
1737 5379 1835 5441 urgent
1856 5378 2019 5441 nenegant,
2043 5374 2196 5429 Uticensem
2212 5381 2335 5445 potuim

345 5437 430 5483 ma
445 5431 537 5483 pm
574 5429 642 5486 ’ω’
669 5430 754 5483 P¹⁰¹⁸
771 5429 805 5481 ὼ
822 5444 855 5481 ¹¹⁸
872 5434 981 5498 ’ΜΡΝ
998 5429 1127 5488 webeml
1143 5429 1179 5481 ⁸³
1196 5431 1317 5485 J⁰V⁰¹¹²l
1366 5443 1404 5496 ita
1420 5442 1559 5509 insigniri:
1585 5442 1609 5493 is
1627 5446 1716 5495 tamen
1733 5442 1757 5494 si
1780 5441 1925 5509 quisalius
1946 5441 2274 5509 luitpriscishominibus
2292 5450 2332 5502 si-

346 5498 405 5555 m
423 5498 469 5553 η
487 5514 511 5551 γ’
526 5498 547 5577 ⁶·
562 5536 571 5552 ⁰
588 5515 615 5566 p·
632 5498 684 5551 382
701 5512 765 5576 “¹⁶-
1050 5563 1057 5576 .
1278 5567 1284 5579 ,
1365 5511 1449 5565 milis.
1481 5510 1617 5579 Sulpiciae
1634 5512 1689 5564 Sat.
1707 5523 1733 5567 s.
1749 5509 1792 5565 48.
1808 5526 1917 5578 operam
1939 5508 2106 5563 imitatricem
2128 5527 2247 5577 agnosco
2288 5518 2332 5570 ui.

413 5565 457 5647 ll·
474 5566 617 5633 H⁰d¹⁰q¹¹0
633 5571 705 5633 ⁸⁰¹¹b
722 5580 767 5634 ‘lm
782 5563 845 5619 ¹¹⁶¹·
866 5566 1033 5647 Qmfflitm
1048 5564 1215 5618 ¹⁰i⁰¹l⁰⁰i¹¹1¹¹
1228 5568 1316 5648 ‚thlssl
1366 5580 1426 5632 dem
1450 5583 1498 5634 secl
1521 5579 1650 5632 leviorem
1673 5593 1734 5631 esse
1757 5593 1870 5645 censeo,
1898 5593 1978 5645 queem
2001 5593 2069 5647 qnae
2090 5577 2120 5633 in
2142 5579 2193 5636 hac
2208 5533 2334 5643 recaluit

343 5640 374 5689 κ
396 5633 504 5702 qum
528 5648 588 5689 ω
611 5633 646 5687 ⁰b
671 5648 809 5702 ‘mmm’
836 5649 901 5702 ‘¹⁰¹⁸
921 5649 946 5687 ¹⁸
967 5649 996 5688 ¹¹¹
1021 5633 1143 5688 cmm
1166 5640 1314 5691 ⁰¹⁸l¹⁰¹¹0¹¹¹
1364 5647 1539 5718 ambignitate
1555 5652 1717 5702 momentum
1733 5645 1834 5702 habere
1852 5651 1942 5715 quest.
