5717 6575
1209 1268 1530 1348 EXUUBSUD
1557 1271 1666 1346 vn.

1400 1459 1468 1527 DE

821 1580 1235 1744 sanamur
1265 1641 1520 1747 aneon
1547 1641 2048 1749 andoenum

1330 1849 1536 1929 GRATIA-

1280 2042 1584 2059 m

589 2166 839 2241 Quemadmodum
861 2172 894 2236 iu
916 2170 1064 2235 confessis
1091 2178 1153 2253 est,
1182 2167 1346 2257 Virgilium
1378 2169 1411 2236 in
1439 2169 1489 2234 Au
1533 2171 1573 2235 sti
1600 2170 1739 2236 notitiam
1767 2168 1859 2237 multo
1888 2171 1972 2258 prius
2000 2172 2121 2238 venisse
2151 2192 2236 2260 quam
2258 2171 2426 2256 Horatium,

431 2252 477 2318 ita
492 2252 581 2318 ctiam
603 2252 730 2318 dubitari
752 2255 874 2341 nequit,
896 2255 966 2341 quin
988 2265 1072 2319 uates
1103 2253 1299 2336 Mantuanus,
1333 2255 1419 2319 bomo
1441 2276 1488 2320 mo
1511 2261 1608 2337 estus,
1630 2255 1713 2342 pacis
1735 2276 1856 2337 amans,
1878 2253 2054 2355 candidique
2075 2257 2122 2322 vir
2142 2257 2243 2341 animi,
2264 2257 2343 2346 apud
2363 2257 2427 2324 Au·

431 2344 556 2423 gustum
573 2359 637 2403 cum
651 2338 866 2421 Trinmuirum,
889 2346 949 2404 tum
972 2339 1101 2404 maxime
1112 2337 1284 2427 Principem
1306 2338 1470 2423 gratiosior
1490 2340 1582 2404 fuerit
1603 2348 1634 2404 et
1655 2339 1756 2405 multis
1778 2339 1954 2426 eximiisque
1968 2341 2062 2429 prunci
2085 2341 2141 2407 alis
2163 2341 2275 2408 lauoris
2297 2363 2332 2407 ac
2353 2341 2427 2408 libe·

431 2420 563 2487 talitatis
590 2421 773 2489 documentis
796 2423 1010 2490 condecoratus
1033 2444 1126 2510 usque
1148 2421 1186 2488 ad
1207 2439 1332 2488 mortem
1358 2444 1386 2488 a.
1397 2422 1437 2489 U.
1455 2422 1491 2490 C.
1504 2422 1578 2489 735.
1591 2445 1617 2490 s.
1633 2423 1683 2489 19.
1692 2446 1723 2491 a.
1733 2421 1965 2492 Chamanserit
1988 2363 2083 2513 Apntl
2087 2426 2301 2515 Imperatorem
2314 2423 2426 2493 Caesa·

430 2526 497 2570 rem
518 2507 688 2594 Augustum
710 2508 768 2576 Vir
791 2508 857 2591 tio,
880 2511 995 2597 quoties
1017 2506 1133 2572 Romae
1154 2528 1298 2596 praeseus
1320 2515 1418 2590 esset,
1445 2529 1541 2595 neque
1563 2507 1720 2573 familiaris
1748 2508 1780 2573 in
1811 2508 1926 2573 domum
1953 2507 2051 2573 aditus
2081 2517 2113 2576 et
2141 2512 2296 2577 interioris
2318 2510 2426 2576 admis-

431 2589 529 2655 sionis
552 2593 739 2658 conuersatio
783 2594 906 2677 eluisse,
919 2614 957 2658 ne
979 2612 1016 2656 ue
1038 2591 1113 2657 adeo
1135 2593 1217 2656 iuter
1237 2592 1377 2657 absentes
1392 2600 1510 2657 mutuae
1533 2592 1570 2657 de
1592 2592 1793 2657 communibus
1809 2591 1916 2657 studiis
1936 2593 2117 2682 crebraeque
2133 2594 2271 2660 videntur
2286 2615 2426 2661 cessasse

430 2674 588 2823 qpistolae.
632 2675 726 2750 Quam
748 2677 824 2743 felin
845 2698 882 2742 eo
903 2698 1022 2742 nomune
1046 2678 1208 2763 beatusque
1226 2676 1417 2765 =praedicatus
1445 2676 1537 2743 fuerit
1557 2676 1707 2760 Virgilius
1729 2685 1760 2742 et
1781 2676 1865 2742 visus
1888 2686 1920 2743 et
1940 2687 2093 2760 mortuus,
2126 2687 2290 2745 attestatur
2310 2680 2427 2745 Auctor

466 2758 516 2823 iel.
539 2759 577 2825 de
598 2759 698 2827 Oratt.
720 2782 746 2828 c.
769 2762 837 2844 la,
859 2763 908 2827 ubi
931 2761 1090 2827 Maternus
1111 2772 1223 2827 sortem
1244 2761 1407 2827 Poetarum
1429 2759 1521 2848 louge
1541 2762 1717 2850 praeferens
1740 2761 1899 2828 Oratorum
1921 2760 2103 2828 conditionis
2124 2762 2194 2845 „Ao
2215 2784 2254 2827 no
2274 2763 2426 2828 fortunam

454 2841 568 2926 uidem,
589 2844 702 2932 inquit,
723 2856 823 2912 vatum
854 2859 885 2913 et
912 2845 992 2912 istud
1018 2846 1094 2912 felix
1123 2846 1347 2911 contubernium
1377 2866 1549 2934 comparare
1577 2846 1723 2911 timuerim
1754 2867 1818 2911 cum
1846 2845 1979 2933 inquieta
2008 2854 2039 2911 et
2058 2845 2157 2912 ¹auxia
2180 2856 2330 2913 oratorum
2351 2847 2425 2913 vita.

465 2930 523 2994 'eet
543 2929 619 2993 istos
641 2931 804 2995 certamina
825 2939 856 2997 et
878 2930 1010 3020 pericula
1031 2951 1086 2996 sua
1106 2930 1145 2995 ad
1168 2928 1350 2997 Consulatus
1380 2931 1554 3013 evexerint,
1583 2930 1661 2995 malo
1688 2951 1824 3009 securum
1845 2939 1877 2995 et
1898 2930 2026 3017 quietum
2048 2930 2174 3019 Virgilii
2196 2952 2363 3014 secessum,
2393 2931 2426 2997 in

452 3033 491 3078 uo
513 3021 612 3101 tamen
633 3036 729 3102 neque
751 3015 826 3103 apud
855 3016 896 3082 D.
919 3018 1090 3103 Augustum
1120 3016 1220 3114 gratia
1249 3016 1345 3080 carnit
1375 3036 1473 3101 neque
1501 3014 1579 3103 apud
1609 3013 1747 3118 populum
1775 3014 1942 3080 Romanum
1972 3015 2090 3080 notitia.
2148 3015 2262 3081 Testes
2290 3013 2425 3106 Augusti

431 3033 612 3181 iiptstotoe,
635 3101 721 3164 testis
742 3099 808 3187 ipse
830 3100 971 3189 populus',
994 3101 1043 3187 qui
1065 3099 1174 3165 audatis
1201 3099 1233 3165 iu
1261 3100 1378 3165 theatro
1407 3099 1543 3165 versibus
1572 3098 1698 3185 Virgiliu
1727 3097 1860 3164 sumexit
1880 3099 2037 3164 universus
2069 3107 2101 3165 et
2128 3100 2208 3165 lorte
2237 3106 2425 3188 praesentem

428 3189 673 3271 spectantemque
694 3183 857 3273 Virgilium
878 3194 1039 3250 veneratus
1062 3192 1110 3249 est
1130 3186 1174 3250 sic
1196 3186 1280 3271 quasi
1302 3182 1553 3271 Augustum.“1)
1609 3183 1679 3251 Hoc
1698 3182 1865 3252 litterarum
1886 3204 1952 3251 cum
1966 3182 2105 3271 Augusto
2128 3185 2334 3252 commercium
2353 3204 2425 3252 con·

429 3267 565 3335 lirmatur
587 3268 756 3337 testimonio
779 3268 939 3337 Claudiani
960 3268 1089 3359 Epistol.
1111 3268 1171 3334 lll.
1193 3267 1232 3334 ad
1254 3267 1361 3355 Olybr.
1384 3289 1412 3335 v.
1433 3264 1504 3333 23.:

836 3355 992 3438 Dignatus
1013 3357 1100 3421 recor·
1121 3352 1238 3420 Caesar
1261 3356 1417 3437 scripsisse
1437 3351 1580 3420 Maroni.

422 3417 478 3504 *Ac
499 3438 592 3503 multo
613 3438 782 3525 graviorem
803 3448 912 3519 testem
932 3438 1096 3528 producere
1137 3459 1255 3520 ossum,
1277 3439 1373 3540 ipsum
1394 3436 1572 3526 Virgilium,
1594 3457 1634 3503 ex
1656 3437 1739 3588 cpp'us
1761 3435 1799 3503 ad
1821 3433 1991 3539 Augustum
2013 3436 2148 3528 epistolis
2165 3438 2339 3506 Macrobius
2357 3437 2424 3507 Sat.
2454 3386 2459 3395 ‘

409 3523 520 3590 ‘Liba
541 3523 568 3588 1.
590 3545 618 3590 e.
639 3520 691 3590 24.
713 3525 786 3588 baec
807 3522 924 3590 affertz‘
936 3573 957 3608 „
966 3524 1064 3612 Ipsius
1122 3523 1224 3588 aronis
1243 3522 1392 3612 Epustola,
1415 3544 1473 3609 qua
1494 3515 1653 3611 compellat
1704 3544 1721 3586 u
1765 3530 1857 3606 stum,
1878 3531 1922 3589 uta
1943 3522 2061 3613 incipite
2091 3523 2159 3605 Epo
2182 3543 2257 3592 otro
2278 3525 2424 3610 {requen-

427 3618 474 3675 tes
498 3627 519 3674 o
540 3616 569 3674 ts
589 3610 708 3677 litteras
730 3612 859 3691 occipio.
892 3607 944 3674 Έι
963 3609 1060 3673 intra:
1082 3609 1129 3675 Do
1148 3609 1253 3674 Aeaeo
1274 3610 1395 3691 quidem
1414 3625 1498 3690 meo,
1527 3609 1555 3673 at
1581 3610 1753 3673 meterroe
1770 3611 1846 3691 jum
1871 3608 2001 3691 dquam
2028 3610 2159 3675 aufidus
2186 3612 2329 3676 bobuem
2350 3611 2424 3692 tois,
2510 3661 2513 3668 .

428 3694 559 3761 libenter
578 3696 741 3761 mitterem.
783 3693 844 3761 Sed
872 3702 964 3761 toute
983 3696 1134 3761 tarbooto
1153 3711 1203 3759 res
1233 3701 1291 3775 est,
1319 3701 1356 3758 ut
1379 3711 1483 3776 pocae
1510 3694 1586 3759 vitto
1612 3694 1722 3759 mentis
1754 3701 1879 3759 tontum
1906 3710 1986 3776 opus
2013 3696 2170 3776 inpressas
2195 3697 2271 3761 mite·
2297 3696 2424 3760 or‘deorr

430 3797 504 3845 cum
521 3783 722 3861 moerorum,
744 3787 780 3845 ot
801 3783 878 3860 seir,
900 3780 966 3845 otto
988 3796 1111 3862 qaoque
1131 3779 1238 3845 stadio
1264 3779 1308 3843 od
1331 3778 1365 3843 id
1394 3794 1474 3860 opas
1494 3777 1654 3861 multoque
1678 3779 1807 3859 potiora
1825 3775 2020 3858 impertior.“
2063 3775 2139 3844 Cum
2156 3777 2207 3842 bis
2229 3785 2295 3843 arte
2316 3778 2423 3868 cobae-

427 3872 516 3947 rent,
539 3884 615 3949 quae
636 3884 674 3927 ex
695 3861 800 3929 eodem
821 3863 905 3928 lonte
928 3862 1061 3956 derivata
1082 3869 1114 3927 et
1134 3884 1153 3927 a
1173 3861 1295 3927 Donato
1315 3871 1440 3927 narrata
1461 3882 1552 3962 supra
1594 3860 1732 3929 osuimus.
1753 3861 1832 3926 Nam
1854 3862 1905 3927 vix
1926 3862 2062 3947 cuiquam
2083 3860 2201 3927 dubium
2223 3882 2292 3927 esse
2334 3866 2424 3938 otest.
2515 3938 2519 3945 Ι

429 3948 503 4103 b¹¹¹¹¹
526 3958 746 4097 millii?
766 3945 1472 4099 pqpbqgpupqsspqppqpppg
1495 3881 2422 4097 ttulltlttl‘tttt’ttultttt‘ttcttttdt?

411 4077 418 4090 1
452 4055 522 4184 allis
540 4117 573 4182 in
595 4079 673 4181 bello
695 4081 838 4182 adversus
860 4054 1242 4183 ’ὀαῃιὶιῐεώτοεᾶιοίᾋειὶυτεὲ
1261 4080 1397 4206 ἐοιοήἀί)
1418 4079 1512 4203 usque
1535 4113 1573 4180 ad
1592 4051 1721 4213 inediam
1733 4122 1878 4179 aestatem
1891 4136 1918 4179 a.
1937 4113 1975 4181 U.
1990 4114 2028 4182 C.
2042 4050 2154 4181 laos.
2166 4113 2218 4182 24.
2234 4136 2262 4181 a.
2276 4113 2349 4184 Chr.
2369 4112 2422 4186 cf,

429 4139 572 4270 Vorisius
593 4200 701 4268 Genot.
722 4200 790 4269 Pis.
811 4202 946 4267 Dissert.
968 4202 1010 4269 ll.
1031 4223 1058 4271 c.
1081 4200 1131 4268 15.
1153 4224 1182 4291 p.
1203 4200 1277 4266 too.
1321 4201 1412 4269 Circa
1432 4200 1506 4266 illud
1528 4208 1644 4288 tempus
1666 4198 1816 4287 Virgilius
1843 4200 1883 4265 ad
1904 4199 2112 4288 perficiendam
2134 4200 2302 4266 Aeneidem
2322 4200 2422 4265 inten-

431 4299 482 4355 tus
495 4288 527 4365 ²)
550 4303 615 4351 cum
636 4287 794 4353 multorum
815 4286 958 4370 aliorum,
981 4295 1042 4353 tum
1064 4287 1153 4353 etiam
1181 4285 1315 4373 Augusti
1345 4286 1541 4351 attentionem
1568 4291 1703 4349 moverat
1729 4286 1851 4372 e‘usquo
1873 4283 2020 4373 legendae
2042 4307 2077 4351 cu
2099 4283 2232 4351 iditatem
2255 4285 2299 4350 ita
2318 4284 2422 4349 inccn-

431 4372 537 4455 dsrat,
559 4378 592 4437 ut
613 4370 692 4436 inter
712 4393 795 4436 arma
816 4370 891 4437 adeo
913 4393 950 4436 ue
971 4394 1008 4436 ae
1034 4380 1115 4438 rotus
1135 4371 1248 4461 primas
1271 4370 1409 4435 carminis
1439 4369 1679 4435 adumbrationcs
1708 4390 1743 4468 qe
1786 4367 1909 4468 quodvis
1931 4367 2037 4434 κῶλον
2058 4304 2254 4455 elangueret:
2287 4368 2317 4434 id
2364 4365 2422 4468 uod

429 4457 542 4524 factum
564 4475 632 4521 esse
653 4466 725 4544 puto
747 4456 827 4521 circa
847 4478 875 4521 a.
929 4503 937 4520 .
960 4455 996 4524 C.
1010 4391 1151 4541 Vffifill.
1171 4477 1196 4524 s.
1210 4449 1356 4541 26s25a.
1368 4453 1444 4520 Clnr.
1460 4454 1542 4519 Nam
1555 4474 1573 4519 a
1586 4453 1756 4542 Propertio,
1789 4474 1818 4517 uu
1828 4453 1915 4519 Lubr.
1929 4453 1972 4519 ll.
1986 4452 2075 4539 Eleg.
2087 4450 2177 4520 atu.
2191 4451 2328 4519 61-66.
2338 4457 2422 4518 arsut

428 4540 594 4629 Virgilium
621 4539 747 4607 Aeneae
776 4541 907 4606 Tro'aui
935 4561 1017 4606 arma
1050 4541 1243 4608 suscitantem
1270 4548 1302 4604 et
1326 4538 1506 4604 scribentem
1534 4539 1629 4623 majus
1660 4535 1730 4624 quid
1758 4475 1871 4620 iliade,
1901 4538 1979 4604 banc
2003 4536 2143 4625 Elegiam
2170 4545 2322 4604 exaratam
2352 4555 2420 4603 esse

428 4627 515 4695 breui
536 4633 606 4715 post
627 4646 655 4692 a
678 4624 717 4693 U.
741 4623 819 4693 c.7
863 4673 891 4708 .,
913 4623 1049 4694 Cornelii
1068 4625 1153 4694 Galli
1171 4626 1341 4714 nuperrime
1362 4624 1472 4691 mortui
1491 4624 1603 4691 mentio
1624 4643 1653 4688 v.
1674 4619 1728 4689 29.
1755 4621 1851 4691 duret

498 4897 530 4967 1)
546 4898 590 4951 De
605 4896 659 4950 hoe
674 4896 785 4950 hunone
801 4895 963 4951 testificandi
983 4898 1080 4968 modo,
1096 4896 1213 4952 heroicis
1226 4897 1283 4965 iarn
1299 4899 1407 4965 tempo·
1448 4910 1473 4949 s.
1495 4891 1582 4960 solid.
1598 4909 1624 4975 p.
1648 4891 1714 4949 (llus.
1737 4898 1767 4946 et
1786 4907 1838 4962 per
1858 4890 1984 4972 undecim
2005 4905 2091 4944 annos
2120 4882 2364 4956 maturare,
2390 4896 2420 4944 ut

429 4969 505 5050 ribus
523 4965 1120 5035 frequentatqvidsamurfleyueauvmgit
1129 4966 1248 5023 Ert.vl.
1264 4966 1406 5035 mtblsqq.
1448 4963 1591 5030 probatum
1601 4962 1652 5016 ruit
1666 4961 1722 5029 iarn
1742 4961 1885 5015 Massonus
1901 4974 1931 5013 un
1950 4960 2020 5014 Jano
2036 4960 2223 5040 Rosergsoet.
2239 4958 2285 5014 ΙΙΙ.
2307 4955 2419 5038 cM.

427 5037 531 5171 fflqusso)
541 5035 778 5171 Viriluiiilbm
789 5100 937 5159 Aenmdenu
954 5116 1067 5159 exorsus
1082 5116 1145 5158 esse
1160 5116 1186 5158 a.
1202 5101 1237 5159 U.
1254 5099 1290 5157 c.
1305 5098 1408 5167 724125.
1448 5031 1594 5168 bibituri
1603 5029 2160 5167 {gespffiptsqrqpqpiqqgrfiqqnputstm
2176 5040 2297 5098 ΜΝ
2310 5030 2415 5082 mm
2476 5073 2478 5079 ’
