5717 6575
1046 1314 1051 1321 -
1135 1271 1315 1364 umus
1344 1262 1652 1387 suesanus
1768 1202 1772 1208 ’

1372 1473 1423 1529 DE

828 1556 1961 1800 osusnmssuausus
2102 1607 2106 1614 ·

968 1845 1231 1927 conanus
1256 1846 1470 1961 aarum
1492 1848 1564 1929 nr
1590 1846 1820 1930 amnas.

1327 2169 1373 2281 S.
1407 2176 1448 2262 1.

399 2315 564 2438 caeam
588 2351 787 2458 Augustus,
811 2359 953 2429 auctore
975 2352 1148 2432 Suetonio
1172 2381 1204 2431 c.
1221 2358 1297 2454 85,
1321 2358 1526 2432 summatim
1547 2357 1663 2459 attigit
1687 2357 1885 2433 Po'e'tieamr
1912 2356 2043 2457 quibus
2066 2357 2186 2432 verbis
2211 2354 2389 2458 signifiea-

398 2482 478 2568 tur,
503 2497 588 2582 eum
611 2497 871 2575 nonnumquam
894 2474 1003 2548 animi
1028 2497 1156 2549 caussa
1174 2476 1444 2575 periclitantem,
1470 2475 1555 2577 quid
1580 2475 1714 2577 ingenii
1737 2477 1831 2551 vires
1855 2478 2024 2572 valerent,
2046 2477 2152 2550 etiarn
2178 2473 2389 2550 carminibus

398 2590 593 2668 scribendis
619 2586 749 2693 aliquid
773 2616 902 2693 operae
924 2616 966 2667 ae
990 2591 1160 2693 temporis
1185 2593 1363 2671 tribuisse.
1413 2594 1538 2695 Neque
1562 2604 1679 2669 tamen
1699 2618 1747 2668 ex
1767 2594 1872 2693 hujus
1898 2594 1986 2669 artis
2012 2593 2128 2669 studio
2152 2592 2287 2669 liberali
2310 2591 2389 2692 qui-

398 2708 492 2806 dem,
511 2708 575 2786 sed
602 2711 672 2786 levi
696 2735 738 2787 ae
760 2711 870 2786 veluti
891 2709 1087 2807 subsecivo,
1110 2711 1302 2814 quidquam
1325 2713 1441 2788 laudis
1467 2719 1503 2787 et
1526 2711 1764 2789 admirationis
1783 2713 1907 2787 tulisse
1933 2710 2072 2787 videhar
2095 2710 2191 2814 apud
2210 2713 2387 2813 aequales.

397 2829 441 2904 ld
462 2829 624 2931 inprimis
649 2838 836 2931 poctarum
860 2853 904 2906 eo
928 2828 1038 2904 dere
1063 2831 1241 2906 silentium
1263 2831 1350 2908 iacit
1371 2840 1412 2906 ut
1435 2857 1559 2908 verum
1584 2832 1779 2907 existimari
1803 2838 1978 2932 oporteat.
2031 2831 2122 2930 Quis
2139 2832 2232 2905 enim
2253 2829 2387 2931 estqui

398 2946 560 3044 dubitet,
587 2948 692 3048 quin,
717 2949 805 3024 alios
827 2957 871 3022 ut
894 2956 1134 3049 praeteream,
1157 2957 1255 3048 certe
1275 2950 1449 3054 Virgilius
1473 2958 1508 3026 et
1530 2951 1709 3044 Horatius,
1735 2950 1796 3050 qui
1818 2975 1884 3049 per
1906 2949 2094 3025 blanditias
2114 2949 2212 3025 haud
2234 2948 2388 3022 illibera-

397 3069 451 3142 les
475 3066 593 3142 nonii
608 3066 793 3163 Pollionis,
819 3067 884 3141 viri
910 3067 1051 3170 ingenio
1074 3073 1110 3142 et
1131 3066 1291 3144 doctrina
1317 3069 1545 3171 praestantia,
1567 3069 1776 3144 cothurnum
1794 3067 2033 3169 Sophocleum
2054 3066 2224 3144 laudibus
2247 3076 2388 3142 utcum-

398 3211 468 3286 que
490 3185 627 3261 meritis
657 3185 696 3260 in
720 3187 857 3260 coelum
880 3185 1038 3281 ferrent,
1073 3188 1183 3262 multo
1219 3186 1413 3263 studiosius
1437 3188 1642 3292 Augustum
1668 3214 1711 3263 eo
1746 3187 1890 3260 nornine
1922 3187 2129 3262 celebraturi
2151 3185 2320 3280 fuissent,
2355 3186 2387 3258 si

397 3298 593 3409 insigniora
615 3301 791 3408 quaedam
814 3309 893 3407 eju's
912 3307 1069 3381 earnnina
1095 3308 1236 3409 cognita
1257 3302 1493 3383 habuissent?
1543 3306 1592 3381 Et
1612 3308 1780 3382 Horatius
1808 3302 1961 3407 quidem,
1984 3308 2043 3381 cui
2068 3314 2186 3383 totae
2209 3313 2324 3381 tantae
2348 3330 2388 3380 se

398 3423 574 3501 obierront
604 3415 806 3501 occasiones
836 3424 1004 3501 laudandi
1026 3426 1214 3528 ingenium
1235 3414 1499 3527 doctrinamque
1521 3425 1721 3525 Principis,
1762 3433 1901 3500 tantum
1921 3425 2043 3522 abest,
2074 3433 2116 3501 ut
2139 3451 2222 3500 eum
2248 3426 2287 3498 in
2311 3424 2388 3499 aliis

398 3541 607 3648 carminibus
628 3531 676 3618 ad
701 3569 786 3619 eum
809 3545 968 3645 scriptis,
990 3551 1065 3619 turn
1089 3546 1244 3642 maxime
1266 3547 1305 3621 in
1329 3545 1430 3621 Libri
1449 3544 1501 3627 II.
1526 3543 1685 3645 Epistola
1715 3545 1831 3645 prima
1862 3545 2036 3645 politicam
2068 3547 2147 3645 ejus
2183 3544 2388 3619 facultatem

398 3670 661 3759 commemoret,
683 3670 723 3738 ut
745 3662 829 3737 nihil
854 3664 892 3739 in
914 3688 959 3738 eo
981 3660 1053 3737 nisi
1073 3660 1262 3762 judicium,
1286 3672 1420 3738 rectum
1442 3659 1529 3736 illud
1554 3689 1595 3737 ac
1621 3664 1758 3758 subtile,
1782 3660 1829 3736 de
1843 3664 1992 3738 aliorum
2012 3671 2197 3764 poctarum
2219 3662 2387 3762 operibus

399 3780 572 3857 collaudet
595 3806 637 3858 ac
660 3782 778 3884 magni
801 3780 917 3856 iaciat.
934 3781 969 3878 1)
1020 3780 1150 3880 Neque
1172 3781 1210 3856 id
1237 3782 1366 3856 mhum
1390 3780 1505 3857 vidmi
1522 3779 1640 3856 dehet.
1689 3780 1891 3883 Numquam
1907 3782 1979 3875 ille,
2006 3779 2143 3884 opinor,
2167 3782 2205 3855 in
2230 3782 2386 3856 animum

398 3898 606 3997 induxerat,
631 3907 672 3976 ut
693 3900 801 3975 hocce
823 3889 910 3980 artis
935 3898 1183 4001 doctrinaeque
1205 3926 1335 4003 genere
1356 3902 1464 3975 ullam
1489 3900 1644 3976 nominis
1669 3899 1802 3975 sarnam
1823 3898 2094 4001 adipisceretur,
2122 3900 2254 4001 quippe
2277 3925 2386 4000 quem

399 4019 579 4120 amplioris
603 4019 738 4123 gloriae
763 4019 891 4094 stimuli
915 4043 936 4093 a
960 4019 1074 4121 prima
1108 4018 1340 4095 adolescentia
1366 4019 1569 4123 agitassent.
1621 4018 1713 4093 Gurn
1736 4027 1855 4093 autem
1882 4019 2105 4120 eloquentiae
2131 4018 2330 4119 opinionem
2351 4028 2387 4093 et

397 4137 541 4214 laudem
558 4136 684 4240 cupide
701 4162 745 4212 ac
763 4137 1039 4213 laboriosissime
1062 4146 1237 4237 captaret,
1263 4165 1309 4214 ne
1321 4145 1462 4240 poterat
1485 4137 1626 4239 quidem
1643 4161 1711 4238 pro
1734 4163 1777 4212 eo
1794 4136 1888 4239 quod
1903 4143 1981 4212 tum
1994 4163 2094 4213 more
2109 4145 2291 4238 receptum
2311 4144 2386 4212 erat

398 4258 500 4333 aliter
521 4256 660 4354 iacere,
686 4280 793 4357 quarn
814 4245 865 4353 ut,
893 4254 979 4331 dum
996 4257 1139 4356 juvenis
1163 4264 1248 4352 erat,
1273 4283 1354 4332 cum
1376 4256 1741 4357 eloquentissimorum
1765 4252 1987 4357 quormnque
2010 4256 2203 4352 hominum,
2228 4264 2303 4330 tum
2326 4256 2387 4330 in-

398 4376 525 4479 primis
551 4376 658 4452 etiam
682 4376 847 4450 avunculi
871 4377 1035 4476 exemplo
1059 4376 1223 4450 incitatus
1244 4376 1284 4449 in
1307 4385 1383 4449 arte
1406 4377 1543 4475 poetica
1567 4399 1606 4448 se
1628 4382 1808 4449 exerceret
1831 4382 1936 4475 atque
1961 4372 2136 4473 ejusmodi
2157 4374 2387 4449 exercitatio-

397 4494 503 4571 nibus
523 4492 666 4570 dicendi
689 4492 935 4595 scribendique
961 4495 1165 4569 facultatem
1189 4495 1377 4568 excoleret.
1426 4485 1494 4569 llis
1520 4499 1687 4568 assuetus
1711 4494 1932 4593 provectiore
1955 4494 2059 4567 etiam
2083 4500 2200 4568 aetate
2222 4492 2386 4595 negotio·

397 4639 479 4690 rum
492 4614 678 4688 intervalla
698 4612 939 4712 hujuscemodi
962 4612 1087 4687 studiis
1112 4610 1261 4687 ludicris
1284 4614 1465 4713 eleganter
1490 4610 1701 4713 dispungere
1725 4620 1761 4686 et
1784 4594 1899 4687 otium
1922 4610 2097 4688 oblectare
2118 4612 2265 4689 solebat.
2315 4612 2386 4685 dt-
2526 4669 2532 4674 .

399 4758 470 4836 que
494 4758 541 4809 ex
563 4732 632 4808 hoo
654 4756 787 4835 genere
810 4734 998 4833 pleraque,
1026 4757 1115 4834 quae
1135 4731 1324 4832 scripsisse
1345 4731 1484 4829 fertur,
1512 4737 1676 4833 poemata
1697 4755 1777 4807 esse
1801 4730 1966 4809 arbitror.

1332 4952 1378 5064 s.
1410 4956 1453 5042 2.

549 5090 713 5168 Suetonii
739 5098 856 5165 aetate
881 5088 1047 5164 exstabat
1077 5088 1190 5164 adhuc
1210 5113 1305 5164 unus
1335 5087 1427 5163 liber
1451 5089 1600 5189 scriptus
1626 5087 1671 5163 ab
1696 5114 1738 5163 eo
1764 5088 1978 5203 hexametris
2006 5087 2189 5184 cersibus,
2222 5087 2323 5187 eujus
2348 5091 2386 5159 ct

397 5218 647 5312 argumentum
678 5218 712 5286 et
747 5209 868 5284 titulus
897 5218 974 5285 erat
1007 5216 1145 5285 Sicilia.
1194 5207 1254 5283 Ex
1291 5206 1420 5309 quihus
1455 5204 1616 5284 Suetonii
1637 5205 1755 5283 verbis
1781 5208 1868 5284 nihil
1892 5208 1987 5284 eliud
2014 5208 2132 5312 colligi
2152 5208 2253 5302 licet,
2279 5228 2384 5307 qurum

463 5409 494 5477 1)
510 5412 623 5465 craece
642 5410 783 5481 epistolam
804 5410 879 5466 illam
901 5363 1030 5479 Augusto
1045 5409 1198 5479 inscriptam
1214 5408 1266 5463 hue
1281 5408 1366 5478 perti-
1414 5414 1535 5463 notatum
1556 5424 1618 5463 esse
1641 5408 1798 5479 opinantur,
1819 5427 1867 5465 eos
1889 5410 2061 5466 vehementer
2081 5409 2141 5464 salli
2155 5407 2289 5463 existimo.
2323 5408 2383 5465 ono

395 5501 460 5550 nent
474 5495 549 5550 Libr.
565 5495 598 5550 u
615 5496 672 5551 Sat.
689 5496 714 5549 1.
725 5494 797 5550 add
813 5512 853 5565 sq.
866 5500 893 5549 et
909 5496 983 5551 Libr.
998 5496 1018 5549 L
1035 5495 1120 5565 Epist.
1136 5494 1178 5547 13.
1194 5509 1219 5547 r.
1236 5494 1277 5547 18.
1311 5492 1365 5550 oui
1414 5493 1486 5546 enim
1509 5498 1628 5561 tempore
1650 5493 1699 5549 illa
1720 5495 1835 5565 epistole
1854 5496 2030 5560 exurebatur,
2052 5492 2124 5547 baad
2147 5492 2227 5547 dubie
2248 5493 2383 5561 haustus

393 5586 483 5636 sutem
499 5575 535 5635 sb
550 5580 664 5636 Horatio
681 5580 755 5637 Libr.
770 5583 802 5637 ll.
813 5581 899 5654 Epist.
912 5581 937 5636 1.
948 5595 974 5637 r.
986 5579 1037 5637 lca
1047 5596 1104 5650 sqq.
1120 5579 1206 5651 ipsum
1216 5579 1365 5646 Armatam
1411 5577 1469 5645 iam
1485 5576 1726 5649 quinquagenarius
1740 5578 1851 5636 ludicris
1866 5579 1925 5636 istis
1940 5578 2035 5634 studiis
2052 5578 2151 5633 dudum
2167 5578 2343 5700 ralessixerst
