5717 6575
435 608 488 683 ω
1122 595 1165 665 -ι,
1207 593 1720 669 onosssaurssuausm

433 789 622 884 mobilem,
645 785 795 863 inscium
815 786 936 887 legum
954 790 995 861 et
1016 782 1182 886 ignarum
1205 785 1473 888 magistratuum
1497 735 1569 860 boc
1585 783 1727 860 facilius
1753 726 2165 887 meliusquacocrtitnm
2182 787 2241 867 iri.
2275 786 2320 867 id
2345 816 2429 868 mu-

432 912 529 988 neris
557 908 714 1010 quamvis
738 905 920 979 honoriliu’
943 929 1025 978 cum
1047 904 1186 1000 Areus,
1214 905 1291 980 sive
1315 903 1555 979 difficultatem
1579 907 1657 1004 ejus
1679 928 1870 1005 rerumque
1903 905 2121 1004 imperitiam
2156 908 2232 983 sive
2254 910 2428 1011 grandio-

432 1056 509 1107 rem
530 1033 605 1130 jam
626 1025 961 1126 imbecillioremquc
986 1029 1137 1097 aetatem
1160 1029 1347 1099 caussatus
1371 1029 1595 1123 recusasset,
1629 1021 1814 1136 Augustus
1837 1023 2002 1124 Aegypto
2038 1028 2245 1127 praeposuit
2268 1030 2428 1109 omnium

431 1151 589 1252 primum
613 1152 652 1224 0.
674 1150 881 1222 Cornelium
901 1149 1067 1236 Gallum,
1093 1141 1260 1243 Equitem
1280 1142 1502 1235 Romanum,
1530 1141 1713 1215 dadonem
1734 1139 1850 1216 adbuc
1875 1143 2087 1218 canninibus
2116 1171 2224 1246 quam
2246 1173 2368 1224 rerum
2388 1151 2428 1227 in

433 1268 561 1347 castris
584 1273 768 1368 gestarum
791 1262 917 1363 gloria.
934 1258 1004 1354 12⁹)
1054 1259 1178 1360 Neque
1201 1267 1320 1336 tamen
1341 1261 1419 1336 veri
1454 1267 1508 1334 est
1541 1259 1839 1357 dissimillimum,
1871 1261 2032 1358 Areum,
2069 1262 2182 1339 eirem
2206 1265 2426 1345 Alexandri.

431 1414 540 1476 nmo,
571 1387 653 1485 ipso
677 1384 841 1481 Augusto
862 1382 1000 1454 volente
1022 1403 1065 1453 ao
1086 1376 1275 1475 suadente,
1312 1379 1352 1454 in
1380 1379 1471 1454 urbe
1492 1380 1605 1479 patria
1627 1380 1862 1475 remansisse,
1895 1405 2012 1481 neque
2033 1381 2163 1457 iterum
2187 1384 2339 1462 Romam
2362 1414 2426 1463 re·

432 1508 599 1584 vertisse.
658 1501 764 1577 Certe
790 1524 882 1573 anno
914 1498 961 1574 U.
987 1497 1030 1573 C.
1054 1503 1144 1573 725.
1167 1523 1199 1571 s.
1226 1484 1288 1574 29.
1317 1524 1389 1572 non
1410 1497 1548 1572 videtur
1569 1522 1736 1598 praesens
1769 1486 1879 1574 luisse
1903 1499 2040 1575 Romae
2066 1509 2103 1577 et
2125 1497 2312 1606 Augusto,
2362 1508 2425 1608 qni

431 1629 529 1704 solus
561 1633 639 1699 tum
673 1644 793 1694 rerum
818 1618 949 1718 potitus
973 1624 1089 1711 esset,
1127 1641 1150 1690 a
1184 1617 1356 1722 consiliis,
1391 1615 1456 1691 scd
1479 1624 1540 1691 aut
1575 1613 1816 1692 Alexandriae
1846 1618 1988 1694 relictus
2017 1628 2080 1695 aut
2102 1622 2176 1697 rita
2193 1627 2270 1724 jam
2295 1623 2426 1701 delun-

433 1756 527 1823 ctus.
543 1744 613 1839 12⁹)
659 1740 794 1815 Romae
818 1750 933 1811 autern
955 1736 987 1811 si
1011 1742 1171 1812 mortuus
1193 1734 1342 1831 fuisset,
1368 1736 1496 1809 mirum
1517 1760 1575 1809 me
1596 1733 1766 1830 haberet,
1797 1737 1829 1810 si
1851 1737 2061 1839 Augustus,
2089 1756 2194 1840 quem
2216 1747 2426 1844 sepulturae

431 1864 597 1967 publicae
619 1846 790 1932 honorem
814 1855 997 1956 Spbacro,
1020 1853 1144 1927 liberto
1167 1880 1232 1929 suo
1254 1879 1295 1928 ac
1317 1852 1549 1955 paedagogo,
1573 1852 1764 1949 tribuerat,
1800 1854 1896 1930 Areo
1921 1857 1990 1931 sibi
2012 1859 2222 1936 aruicissimo
2247 1888 2332 1938 eum
2356 1865 2425 1939 tri·

431 1983 542 2059 bnere
566 1977 794 2081 neglexisset.
845 1973 966 2073 Quare
986 1963 1143 2072 praestat
1163 1980 1349 2067 statuere‚'
1366 1973 1505 2047 Areum
1536 1998 1731 2072 numquam
1750 1999 1933 2050 reversum
1958 1975 2108 2052 Romam
2132 1987 2308 2058 extremus
2330 1984 2425 2059 vitae

430 2128 540 2179 anuos
552 2093 788 2173 Alexandriae
814 2092 1027 2193 transegisse
1049 2090 1165 2191 ibique
1195 2103 1374 2166 mortuum
1396 2116 1477 2165 esse
1499 2086 1658 2165 nondum
1682 2090 1833 2166 ad'eam
1859 2104 2063 2193 provectum
2084 2108 2325 2204 senectutem,
2350 2129 2425 2202 qna

433 2215 643 2299 aLuciano
668 2215 758 2288 inter
782 2210 982 2285 Macrobius
1007 2217 1263 2286 numeraretur.
1311 2209 1449 2284 Verum
1470 2217 1611 2304 umen,
1636 2209 1791 2310 nequid
1817 2209 2057 2311 dissimulem,
2098 2217 2179 2293 huic
2202 2222 2425 2320 conjecturae

430 2363 532 2417 meae
570 2333 722 2409 adversa
750 2338 834 2404 sunt
870 2354 960 2430 quae
992 2327 1090 2428 apud
1120 2328 1166 2405 L.
1191 2330 1381 2403 Annaeum
1405 2327 1580 2404 Senecam
1607 2328 1648 2403 in
1673 2329 1852 2405 Consolat.
1877 2328 1926 2403 ad
1949 2333 2122 2408 lllarciam
2144 2341 2424 2441 sategimus.

430 2461 468 2536 Is
489 2461 631 2547 narrat,
663 2450 825 2542 Liviam,
859 2447 1012 2549 Augusti
1041 2472 1214 2542 uxorem,
1249 2473 1289 2523 se
1322 2446 1368 2522 ob
1402 2448 1512 2523 Drusi
1538 2447 1673 2523 obitum
1697 2447 1945 2525 consolandam
1965 2452 2176 2550 praebuisse
2196 2458 2320 2556 Areo,
2361 2461 2425 2536 sui

430 2579 498 2655 viri
521 2571 740 2676 philosopho.
789 2567 833 2641 1d
855 2566 889 2642 si
911 2591 1035 2641 verum
1059 2573 1137 2663 est,
1172 2567 1413 2668 consequitur,
1447 2574 1488 2641 ut
1507 2568 1645 2641 meum
1666 2566 1884 2642 Alexandria
1918 2569 2069 2646 Romam
2100 2578 2290 2653 revertisse
2321 2588 2359 2655 et
2380 2580 2423 2657 in

431 2694 586 2798 Augusti
612 2687 840 2766 contubernio
865 2685 1039 2760 mansisse
1057 2692 1252 2763 statuamus
1277 2684 1459 2785 usquead
1484 2711 1615 2760 suumn
1649 2686 1693 2761 U.
1721 2685 1765 2761 G.
1787 2691 1877 2765 745.
1898 2714 1930 2763 s.
1952 2692 2003 2786 9,
2039 2717 2109 2790 quo
2141 2719 2233 2770 anno
2258 2698 2423 2777 Drusum

431 2816 564 2894 obiisse
587 2816 734 2886 constat.
785 2805 834 2883 At
851 2805 939 2879 nibil
962 2794 1029 2904 ego
1050 2803 1110 2878 illa
1134 2804 1335 2879 narratione
1360 2829 1604 2898 commoveor,
1654 2806 1813 2905 parneis
1844 2807 1883 2880 in
1903 2809 2022 2908 apn‘co
2047 2810 2116 2906 sit,
2164 2841 2236 2889 non
2262 2816 2371 2893 aliurn
2397 2845 2423 2896 a

431 2934 568 3014 Seneca
597 2926 746 3028 intelligi
769 2926 905 3000 Areum
928 2948 1034 3024 quam
1057 2921 1339 2998 Alexandrinum
1369 2923 1472 3017 illum
1491 2922 1759 3023 philosophum,
1791 2925 1950 3026 Augusti
1983 2929 2277 3010 contubernalem.
2325 2937 2422 3016 Nam

430 3018 590 3156 primuni
612 3071 703 3147 quac
727 3067 837 3142 snpra
861 3041 907 3117 de
930 3041 1019 3117 Arei
1048 3040 1152 3137 filiis,
1181 3042 1336 3143 Augusti
1369 3040 1570 3138 sodalibus,
1606 3041 1808 3142 disputari,
1840 3067 1884 3118 ea
1915 3045 2103 3143 evincunt,
2137 3051 2231 3128 hunc
2259 3055 2422 3155 pbiloso-

430 3174 542 3275 phnm
564 3172 639 3268 jam
666 3172 749 3239 ante
772 3186 904 3235 annum
932 3161 979 3236 U.
1003 3159 1045 3236 C.
1068 3160 1159 3239 706.
1182 3187 1214 3236 s.
1236 3165 1300 3238 48.
1325 3168 1420 3236 certe
1443 3157 1762 3264 quadragenarium
1791 3162 1917 3240 fuisse.
1966 3164 2050 3243 Jam
2077 3168 2110 3242 si
2138 3170 2258 3251 Druso
2288 3200 2422 3276 snper·-¹

352 3300 357 3308 '
410 3289 676 3392 statuisset,
718 3281 896 3358 neminem
919 3279 1106 3380 praete'rit,
1152 3278 1199 3354 ad
1220 3277 1480 3383 praegrandem
1504 3305 1587 3355 cum
1609 3282 1796 3381 pervenire
1821 3280 1989 3359 debuisse
2015 3296 2233 3366 senectutem
2259 3292 2421 3397 adeoque

431 3432 604 3510 superare
627 3405 719 3479 ritae
744 3401 845 3476 annis
867 3397 1123 3501 Apollodorum
1149 3405 1186 3473 et
1205 3397 1486 3475 Athenodorum.
1503 3398 1573 3495 ¹³⁰)
1621 3401 1760 3495 Horum
1784 3409 1905 3506 autem
1924 3404 2081 3507 Augusti
2106 3412 2355 3512 magisnomm
2380 3425 2421 3494 οι

430 3531 622 3607 arduorum
643 3528 858 3598 senectutem
880 3543 921 3592 ac
933 3520 1095 3593 ‘mortem
1118 3544 1200 3593 cum
1221 3516 1403 3593 Ladmus
1424 3519 1464 3593 iu
1485 3518 1675 3595 Macrobiis
1698 3522 1919 3597 curatissimc
1953 3531 2217 3627 memoraverit,
2252 3557 2326 3609 nou
2347 3561 2421 3636 po-

432 3656 502 3726 test
523 3672 595 3721 non
615 3642 839 3717 mirationem
861 3638 1004 3733 facere,
1036 3636 1120 3736 quid
1154 3637 1201 3712 sit
1226 3636 1404 3712 curidum
1427 3638 1585 3733 Areum,
1632 3638 1810 3714 bominem
1835 3648 2014 3718 extremae
2035 3651 2222 3725 senectutis
2246 3660 2284 3726 et
2305 3658 2420 3733 multo

432 3747 658 3846 celebriorem
681 3763 751 3837 illis
773 3757 983 3833 saniliarem
1004 3756 1159 3857 Augusti
1184 3756 1324 3831 silentio
1347 3781 1492 3856 prorsus
1518 3757 1750 3857 praeterierit.
1783 3760 1834 3835 At
1858 3768 1930 3834 tota
1959 3762 2021 3837 illa
2048 3769 2202 3842 narratio
2236 3768 2282 3845 de
2304 3774 2418 3873 Δια),

430 3886 556 3966 Liuiae
581 3883 820 3971 consolatore,
851 3900 875 3949 a
900 3874 1054 3967 Seneca,
1096 3874 1273 3949 incurioso
1309 3900 1429 3949 rerum
1461 3883 1732 3978 temporumque
1756 3880 1947 3979 scriptore,
1982 3882 2128 3959 confictu
2161 3912 2240 3964 csso
2264 3889 2418 3991 videtur,

430 4015 491 4102 ct,
541 4001 578 4078 id
605 3997 701 4102 quod
724 4019 835 4097 supra
860 3990 1033 4093 probabili
1057 3993 1267 4093 conjectura
1281 3990 1376 4067 ducti
1403 3994 1608 4092 posuimus,
1656 3996 1775 4072 Areus
1798 3999 1909 4073 multo
1942 4008 2024 4076 ante
2046 4003 2159 4080 Drusi
2184 4007 2321 4084 obitum
2342 4012 2418 4089 vita

429 4124 639 4228 perfunctus
665 4142 745 4193 esse
762 4110 1020 4218 existimandus
1044 4118 1112 4188 est.
1183 4109 1277 4185 Nam
1297 4108 1436 4185 Seneca
1469 4136 1581 4211 qnum
1604 4114 1717 4213 ipsius
1742 4115 1995 4196 Comolationis
2016 4122 2180 4200 Areanae
2204 4128 2418 4231 principium

430 4243 582 4336 afferat,
607 4235 813 4350 praemissis
837 4230 974 4308 rcrbiaa
1005 4245 1086 4326 „ut
1101 4233 1282 4329 opinor,·“
1306 4228 1415 4307 tutius
1437 4228 1623 4356 rei'fidem
1643 4233 1720 4336 ipsc
1739 4232 1975 4316 bbalccumt.

500 4460 564 4529 128)
581 4459 665 4513 Teste
682 4456 816 4511 Strabone
831 4453 906 4509 Libr.
918 4452 1001 4508 xvll.
1018 4467 1043 4506 c.
1056 4448 1120 4520 1.§.
1134 4451 1178 4506 12.
1195 4452 1400 4523 arstAcgyptua
1442 4453 1494 4524 ipsi
1510 4460 1622 4525 propter
1638 4462 1801 4513 senecam
1816 4460 1941 4529 placebat
1957 4461 2039 4516 otium
2061 4461 2091 4517 in
2106 4463 2173 4519 urbe
2188 4466 2278 4536 patris
2294 4474 2322 4524 et
2336 4469 2417 4542 quie·

431 4544 565 4615 tnepgtc,
587 4536 692 4611 φόρους
708 4538 763 4607 μὲν
785 4535 903 4591 τελοῦσα
921 4531 1096 4604 ἀξιολόγους,
1116 4532 1172 4588 ὑπὸ
1190 4532 1349 4606 σωφρόνων
1368 4533 1401 4589 dl
1442 4542 1496 4591 tem
1512 4540 1597 4609 sequi.

432 4626 545 4698 ‘mim
563 4624 744 4696 ⁶⁸0¹⁸⁰vl⁴571
766 4626 824 4674 ’ὼ
840 4621 1032 4690 πεμπομένων
1056 4614 1188 4687 ε”ἄψν
1209 4618 1263 4676 ‘m‘
1290 4614 1331 4674 Ὃ
1345 4618 1402 4690 μὲν
1511 4622 1574 4723 129)Ι
1590 4658 1671 4727 Apud
1686 4658 1801 4714 Dionem
1821 4662 1899 4719 Cass.
1920 4664 1995 4721 Libr.
2012 4665 2069 4720 Lll.
2086 4681 2110 4721 c.
2127 4667 2170 4723 ³6.
2186 4666 2320 4725 inducitur
2333 4670 2417 4729 Mas·

432 4702 486 4770 adr
503 4709 645 4780 πεμφθεὶς
662 4706 721 4774 τὴν
737 4706 800 4761 τοῦ
815 4705 986 4773 pruritur
1003 4702 1074 4771 ἔχει
1090 4699 1176 4763 τάξιν.
1203 4706 1323 4761 Quocum
1336 4722 1403 4759 cou-
1696 4742 1702 4756 .
1953 4750 1958 4760 ,

430 4798 514 4856 »ene
528 4794 639 4850 raca·
654 4794 725 4848 noo
740 4792 853 4930 uqs-
870 4791 969 4928 ⁰13¹?
985 4789 1155 4939 „eom
1171 4789 1401 4925 quoqpe
1442 4743 1748 4892 iiiiii-iiiii
1764 4746 2360 4905 dfis‘iiiiii'iibiffdissffl
2375 4771 2418 4908 ii

431 4878 774 4941 &macerrimum
841 4881 1047 4941 a.upsalo
1147 4885 1302 4934 racemo
1364 4874 1401 4926 ti·
1470 4908 1522 4922 ..
1605 4910 1612 4923 .
1749 4913 1828 4926 ,,
2160 4921 2215 4935 .‚
2343 4878 2353 4896 ·

429 4976 495 5025 aest
509 4968 567 5022 loca
587 4896 713 5032 repensis
746 4961 816 5016 Huic
837 4960 977 5028 hocloco
998 4955 1155 5026 Augustali,
1181 4955 1226 5026 qui
1254 4954 1401 5025 dicebatur,
1442 4908 1918 5066 ἓοῗίωᾚὲᾝέωὲωῗιὲψ
1933 4919 2044 4973 mm
2065 4926 2230 4977 ”mum
2249 4924 2330 4981 “W
2345 4941 2414 4997 ΡΝ·

430 5052 539 5110 additus
562 5043 635 5118 er‘ut,
657 5051 766 5102 auctm
789 5045 935 5112 Strabone,
957 5035 973 5094 ὂ
998 5032 1182 5114 δικαιοδότης,
1207 5037 1262 5107 juri
1285 5040 1401 5095 dicundo
1479 5032 1488 5061 ’
1627 5099 1631 5106 ,
1802 5036 1812 5054 “
1879 5038 1888 5056 ‘

430 5135 617 5210 multus,
638 5124 786 5201 itcmqncd
810 5117 1088 5198 nporsyoproo'paror
1103 5116 1266 5194 Ἰδιολόγοι,
1282 5120 1324 5193 (ut
1338 5140 1401 5180 mea
1501 5123 1628 5196 '18⁰)ld
1650 5129 1773 5185 undose
1787 5133 1870 5187 credo
1886 5135 1989 5205 Georg.
2004 5138 2117 5195 Remum
2138 5146 2167 5197 et
2187 5140 2324 5200 inductum
2339 5135 2416 5222 cm,

431 5223 541 5293 qnidam
560 5215 694 5275 ananus
714 5213 853 5270 rarissima
881 5227 932 5281 pro
954 5211 1028 5278 vulg.
1053 5206 1127 5268 ideae
1146 5202 1229 5277 λόγος
1248 5208 1402 5263 emendarit
1440 5215 1473 5266 nt
1488 5211 1524 5266 ad
1540 5212 1717 5269 l’bemiatinm
1732 5218 1809 5273 Orat.
1825 5218 1873 5275 111.
1887 5221 1988 5276 Arcum
2003 5225 2119 5293 pum
2138 5225 2253 5282 mim
2274 5220 2428 5292 m

431 5303 548 5371 cona)
569 5303 589 5358 i.
605 5317 630 5355 a·
648 5296 664 5353 d
681 5292 820 5367 Aoyocrir
836 5296 893 5348 τῶν
907 5289 1070 5353 ldtoeidrwr
1080 5289 1118 5360 vai
1129 5292 1251 5359 Kame*
1266 5286 1401 5363 πραγμᾶ·
1441 5310 1503 5349 ease
1519 5303 1647 5353 {tumeret
1663 5316 1681 5352 a
1696 5300 1790 5355 Liviae
1806 5306 1988 5360 consolatore:
2014 5324 2093 5379 quam
2116 5310 2151 5365 ob
2167 5327 2289 5369 causum
2304 5315 2363 5370 ritu

429 5404 504 5454 aar,
527 5389 690 5442 meror
711 5383 854 5447 versoria,
874 5376 1111 5432 hodeaterrlicler
1134 5376 1241 5445 reat,
1267 5382 1297 5431 ut
1320 5376 1403 5432 vertit
1441 5385 1517 5434 ratur
1532 5398 1550 5435 a
1565 5382 1710 5437 lleibomio
1725 5384 1754 5440 in
1769 5386 1920 5445 Maecenat
1941 5406 1967 5446 c.
1982 5391 2026 5448 lll.
2040 5410 2068 5462 p.
2084 5393 2144 5451 109.
2176 5397 2233 5452 Sed
2248 5377 2417 5459 lteibomiaa¹

305 5455 308 5460 ¹
431 5471 616 5534 Groaknrdins
633 5473 711 5526 Tom.
728 5468 773 5523 11L
789 5484 816 5538 p.
833 5463 894 5519 368.
909 5463 946 5518 Ν.
958 5461 984 5519 1.
1016 5461 1147 5516 Alternul
1162 5476 1300 5515 monemur
1311 5461 1401 5530 publi·
1440 5478 1546 5536 qnoque
1561 5466 1659 5535 injuria
1673 5468 1702 5522 in
1718 5470 1839 5526 &neme
1853 5472 1909 5528 ide
1925 5475 2071 5544 acquicsdt
2088 5479 2190 5551 paim
2205 5497 2239 5539 ω
2255 5484 2415 5556 pm

432 5572 526 5614 eorum
540 5554 652 5628 praebet
666 5558 788 5628 potent,
803 5549 905 5619 rejecta
919 5544 1109 5620 matema,
1130 5544 1234 5617 Areua,
1253 5544 1307 5603 ulai
1327 5545 1400 5603 torta
1439 5545 1469 5606 la
1485 5548 1555 5607 Birt
1571 5551 1639 5610 crit
1654 5550 1755 5611 Pbiloa.
1771 5555 1851 5612 ron
1864 5557 1900 5614 ll.
1915 5574 1944 5629 p.
1959 5559 2004 5618 ω.
