5717 6575
517 600 622 713 ‘ara
775 603 995 747 [ηοω.
1016 552 1066 709 a.
1087 624 1157 709 nn
1174 624 1235 707 vc.
1263 621 1487 708 anonam
1508 611 1766 707 mmmmm
1796 616 1871 705 ur
1896 595 2248 709 summanus
2352 660 2355 666 ·

448 892 451 900 ,
532 834 660 917 uilitate,
683 853 770 919 quam
790 829 928 916 Vellejus
951 831 973 899 l.
995 830 1016 897 l.
1039 830 1202 933 praedicat,
1224 831 1299 896 satis
1321 829 1430 897 dicum
1452 837 1500 897 est
1520 852 1635 920 supra3
1656 830 1693 896 de
1708 830 1833 918 reliquis
1855 829 2012 896 redeamus
2034 830 2235 900 ed'l'ncitun.
2258 827 2500 917 unquenti

534 919 654 987 Liviam
676 921 841 984 sanctitate
862 919 974 984 domus
994 935 1133 999 muscum
1156 919 1199 981 od
1219 935 1339 981 morem
1360 916 1511 1003 insignem
1533 917 1629 983 fnisse
1650 916 1733 999 dicit,
1754 915 1927 1005 pudicitiam
1950 917 2016 1002 ejus
2039 914 2129 982 talem
2145 915 2302 1001 inteiligit,
2324 914 2422 1002 qualis
2436 927 2501 984 arat

533 1004 709 1072 feminarum
732 1004 906 1090 priscarum,
928 1010 958 1066 et
980 1002 1070 1090 prisci
1092 1002 1183 1067 moris
1205 1002 1423 1066 castimoniam:
1453 1001 1598 1086 quomodo
1624 1011 1754 1068 sanctus
1776 1010 1807 1065 et
1827 1003 1980 1068 sanctitas
2002 1001 2178 1088 saepissime
2201 1012 2394 1089 usurpantur.
2437 1000 2499 1069 Sel

533 1089 610 1154 baec
631 1088 778 1153 castitatis
802 1085 867 1151 laus
889 1086 1013 1166 Liviae,
1036 1086 1172 1173 quamdiu
1194 1086 1309 1152 Neroni
1331 1094 1423 1172 nupta
1444 1096 1519 1169 erat,
1542 1108 1628 1173 quum
1651 1084 1864 1153 consuetudine
1886 1085 2045 1151 Octaviani
2066 1086 2098 1150 in
2128 1082 2273 1150 adulterii
2300 1084 2500 1173 suspicionem

533 1173 668 1259 venisset
688 1170 759 1250 (vid.
782 1192 874 1258 supra
897 1192 925 1257 p.
947 1170 1020 1236 228.
1044 1178 1076 1234 et
1097 1172 1181 1235 Suet.
1204 1169 1310 1238 Claud.
1335 1192 1360 1235 c.
1385 1170 1442 1252 l.)‚
1466 1190 1524 1235 non
1548 1179 1650 1259 potest
1672 1171 1769 1236 tribui·
1785 1171 1846 1235 uisi
1868 1193 1907 1235 ex
1922 1192 1958 1235 eo
1981 1179 2125 1257 tempore,
2147 1191 2187 1235 ex
2202 1191 2260 1255 quo
2282 1190 2348 1235 cum
2361 1171 2500 1258 Augusto

401 1297 409 1333 ·‚
535 1257 682 1325 connubio
700 1258 805 1343 juncta
827 1258 959 1319 vivebat:
981 1277 1019 1319 ex
1042 1277 1098 1341 quo
1122 1255 1268 1320 castitatis
1293 1254 1379 1320 laude
1397 1256 1467 1341 jure
1497 1256 1660 1355 meritoque
1689 1266 1823 1320 ornatur.
1871 1254 1963 1319 Nulla
1991 1255 2071 1319 enim
2098 1275 2225 1340 unquam
2256 1254 2285 1319 ei
2314 1253 2500 1321 wusuetado

534 1341 592 1410 luit
614 1364 679 1408 cum
701 1343 770 1407 aliis
792 1341 876 1422 viris,
899 1340 957 1404 nisi
980 1342 1030 1426 qui
1051 1361 1160 1424 graves
1183 1349 1213 1405 et
1234 1340 1352 1405 honesti
1375 1347 1489 1421 essem,
1512 1348 1544 1404 ut
1566 1339 1642 1406 nibil
1663 1338 1845 1426 suspicionis
1868 1340 2008 1405 subnasci
2031 1349 2138 1427 posset
2157 1340 2276 1422 marito,
2309 1348 2342 1404 et
2361 1338 2500 1427 privatim

535 1448 571 1495 ac
591 1427 709 1515 publice
731 1445 805 1490 snae
817 1425 855 1489 de
876 1444 988 1490 murum
1005 1425 1156 1506 gravitate
1177 1433 1208 1489 et
1227 1424 1369 1489 castitate
1389 1423 1488 1488 lamae
1503 1425 1667 1489 consuluit:
1690 1425 1773 1510 cnjus
1795 1425 1840 1488 rei
1862 1423 2061 1490 testimonium
2076 1423 2202 1510 legimus
2224 1421 2301 1511 apud
2314 1423 2501 1490 Macrobium

535 1510 659 1581 Satura.
681 1508 830 1575 bibuli.
854 1530 880 1573 c.
901 1509 931 1575 5.
953 1530 982 1595 p.
1004 1505 1077 1574 347.
1101 1507 1147 1606 ed.
1169 1505 1238 1596 Bip.
1280 1509 1386 1594 Neque
1408 1516 1517 1606 tamen·
1540 1510 1659 1574 sincero
1682 1517 1714 1607 et
1736 1507 1862 1574 candido
1892 1529 1967 1595 erga
1994 1507 2135 1607 maritum
2157 1528 2260 1574 amore
2290 1506 2380 1572 dueta
2406 1510 2501 1575 casui·

537 1596 655 1693 maniae
676 1593 800 1675 studuit,
822 1591 877 1658 sed
888 1593 1028 1742 'prudeqs
1052 1592 1158 1692 mulier
1179 1609 1366 1693 perspectum
1387 1593 1490 1657 habunt
1510 1592 1643 1742 dupusti
1665 1614 1793 1691 animum
1815 1594 1998 1681 suspicacem
2021 1601 2053 1657 et
2074 1613 2204 1691 varrum,
2226 1613 2262 1658 ac
2283 1603 2442 1692 metuens,
2462 1615 2501 1661 ue

535 1701 571 1747 re
593 1679 692 1778 adnata
714 1680 751 1742 ab
773 1698 809 1742 eo
831 1698 896 1742 esca
918 1687 982 1742 eret
1004 1699 1138 1776 rouperto,
1161 1678 1393 1775 cujuslructum
1415 1677 1553 1775 staplen
1575 1699 1660 1742 orem
1670 1678 1874 1825 peroptabat,
1897 1699 2012 1776 ornnem
2034 1675 2117 1776 dedat
2138 1697 2277 1765 operam
2297 1698 2338 1742 ue
2361 1677 2432 1764 quad
2453 1699 2500 1744 su·

576 1785 680 1828 resonas
698 1761 740 1860 5³⁰
761 1760 819 1827 fide
842 1771 873 1826 et
894 1770 1062 1888 constantia
1083 1784 1131 1826 sur
1152 1783 1227 1909 erqo
1247 1760 1672 1911 nllqrqlapqqqrpfiqaqqqqetqss
1701 1761 1825 1910 q⁴bapc
1866 1760 2104 1912 u'qpccqtraqmqqqq
2118 1760 2498 1916 xffinmffiznssrw

536 1846 825 2029 qqqsquqqqqqa
834 1845 1220 2031 dleinldsffndblimvlldrdldelm
1234 1867 1328 2029 p(leid.
1342 1892 1381 1995 ex
1398 1931 1485 1996 Pont.
1496 1930 1583 2029 Libe.
1596 1892 1660 1999 ⁸1V.
1674 1897 1735 1995 13.
1756 1929 1808 1999 29
1818 1893 1892 2017 ἐιμ
1915 1865 1991 1995 113391
2001 1933 2191 2013 pudicarum
2211 1942 2240 1996 te
2254 1929 2382 2029 Vestam,
2392 1933 2500 2010 Lentu

537 2097 997 2249 q
1018 2013 1762 2198 arraterrenturrato·
1773 2014 1895 2181 ,ιιι
1908 2014 2499 2198 cursuscursus

539 2188 640 2259 asum
660 2186 729 2249 otro
778 2182 922 2267 Quidque
941 2186 1093 2266 pudicitia
1115 2193 1239 2249 tuntum
1261 2186 1417 2249 tuototcto
1438 2183 1606 2264 bonorum,
1632 2183 1745 2249 Ultimo
1766 2187 1805 2248 stt
1826 2185 1935 2249 laudes
1948 2194 2032 2248 mter
2052 2194 2088 2249 ot
2109 2185 2166 2249 illo
2190 2187 2288 2250 tous?
2308 2182 2500 2272 impudenter

401 2272 413 2303 ¹
537 2277 635 2334 autem
656 2267 793 2332 adulatur
815 2267 954 2336 Valerius
977 2268 1127 2333 Maximus
1149 2268 1237 2332 Libr.
1259 2266 1313 2335 vl.
1336 2289 1362 2331 c.
1386 2265 1414 2331 1.
1438 2267 1541 2333 Praei.
1589 2268 1638 2355 qui
1660 2268 1755 2354 ipsum
1777 2265 1945 2332 Pudicitiae
1972 2288 2082 2332 numen
2102 2268 2204 2334 Julius
2229 2267 2382 2354 genialem
2404 2275 2499 2335 tum

538 2353 659 2421 assidua
679 2353 812 2418 statione
835 2353 988 2417 celebrare
1010 2353 1098 2417 dicat.
1121 2352 1161 2419 cl.
1184 2352 1344 2417 Fabricius
1365 2350 1403 2416 ad
1425 2351 1516 2418 Dion.
1567 2373 1626 2416 ass.
1649 2349 1813 2419 Librae.
1836 2374 1861 2419 c.
1883 2353 1914 2417 2.
1936 2361 1999 2417 not.
2020 2351 2072 2418 21.
2462 2390 2465 2397 -

690 2435 812 2502 Deinde
832 2436 924 2502 Livia
945 2458 963 2500 a
985 2436 1096 2502 Tacito
1117 2434 1285 2524 appellatur
1308 2439 1405 2502 comis
1425 2438 1514 2501 ultra
1534 2456 1632 2520 quom
1653 2437 1794 2518 oattqua‘s
1814 2437 1936 2519 feminis
1955 2438 2127 2518 probaram
2149 2443 2180 2501 et
2199 2452 2289 2502 scor
2307 2436 2425 2518 semila
2444 2437 2497 2503 lt

539 2543 597 2610 que
620 2543 706 2609 quam
729 2521 861 2608 benigna
882 2511 935 2585 illa
957 2528 987 2585 et
1007 2542 1094 2620 quam
1116 2521 1193 2586 comi
1214 2542 1351 2586 sermone
1374 2530 1404 2586 et
1424 2541 1591 2606 congressu
1613 2543 1677 2588 cunr
1699 2520 1767 2585 aliis
1790 2521 1890 2600 luerit,
1912 2531 1972 2585 tun
1994 2522 2120 2603 marito,
2141 2519 2249 2602 m'ulta,
2279 2541 2356 2606 quae
2378 2529 2496 2589 uum

537 2606 678 2692 legimus,
700 2604 817 2671 ducent.
853 2605 1068 2678 ‚Mentorabrlis
1089 2605 1224 2692 inprimis
1248 2604 1287 2677 de
1308 2606 1454 2671 facilitate
1475 2607 1541 2690 ejus
1563 2625 1639 2707 erga
1659 2607 1795 2671 maritum
1819 2604 1900 2669 lucus
1923 2613 1971 2671 est
1992 2600 2389 2671 Dissuadentibus&
2411 2606 2498 2672 mis

539 2690 736 2768 πυθομένου
760 2685 981 2768 condecernit,
1002 2691 1069 2763 πῶς
1091 2687 1151 2753 καὶ
1172 2689 1206 2752 τί
1227 2689 1338 2772 dadon
1361 2685 1449 2753 οὕτω
1471 2692 1533 2753 τοῦ
1554 2686 1733 2770 Αυγούτιιιι
1755 2685 2016 2774 cassandream,
2037 2683 2258 2773 ἁπεκρίνατο,
2278 2687 2334 2752 ὅτι
2353 2684 2443 2766 asieri
2464 2709 2499 2752 se

538 2772 682 2857 ἀκριβῶς
703 2775 923 2858 σωφρονοῦσα
947 2774 1006 2836 καὶ
1028 2769 1141 2840 πάντα
1161 2771 1207 2845 sci
1222 2772 1390 2838 δοκοῦντα
1412 2772 1504 2857 αὐτῷ
1524 2772 1628 2852 ἡδέως
1648 2773 1788 2838 ποιοῦσα
1810 2774 1867 2840 καὶ
1888 2771 1975 2855 μήτε,
1993 2770 2081 2838 ἄλλο
2101 2795 2135 2839 τι
2157 2771 2223 2840 τῶν
2238 2767 2374 2838 ,ἐκείνου
2395 2771 2499 2836 noiv-

538 2857 783 2943 πραγμονοῦσα
804 2858 868 2922 sot
891 2858 934 2922 cnr*
961 2854 1150 2946 ἀφροδίσια
1176 2855 1280 2922 αὐτοῦ
1306 2852 1495 2942 α’θὺρματα
1523 2855 1605 2940 μήτε
1636 2857 1802 2922 διώκουσα
1829 2853 1917 2938 μήτε
1947 2852 2194 2924 αἰσθάνεσθαι
2217 2856 2501 2939 προσποιουμένη.

539 2963 661 3031 quocum
684 2941 883 3007 conserendus
906 2952 953 3007 est
976 2944 1057 3017 locus
1080 2943 1216 3009 Suetonii
1228 2942 1333 3007 Oetae.
1355 2964 1381 3010 c.
1404 2942 1456 3008 71.
1497 2944 1589 3009 Livia
1610 2944 1620 3008 i
1645 2944 1718 3026 ⁸tur,
1747 2952 1779 3008 ut
1807 2942 1873 3031 ipsa
1902 2944 2118 3029 professa'est,
2148 2941 2308 3029 pudicitia,
2340 2940 2498 3028 modestia,

539 3027 691 3114 obsequio,
712 3025 902 3113 indulgentia
922 3028 1057 3092 maritum
1080 3028 1159 3113 cepit
1180 3038 1211 3091 et
1232 3027 1378 3092 bominem
1408 3048 1508 3093 amore
1534 2964 1690 3093 vecorddm
1718 3028 1761 3093 ita
1781 3027 1840 3091 sibi
1862 3025 2004 3105 devinxit,
2026 3034 2059 3093 ut
2079 3047 2140 3093 uon
2161 3027 2341 3092 sentientem
2362 3026 2396 3092 in
2419 3048 2497 3093 suam

539 3117 632 3179 mlum
654 3118 831 3200 potestatem
854 3111 1003 3199 acciperet
1024 3120 1055 3177 et
1076 3112 1257 3198 suspicacem
1279 3111 1312 3176 in
1333 3110 1409 3177 alios
1431 3120 1462 3176 et
1483 3120 1599 3177 cautum
1620 3113 1677 3176 sibi
1699 3113 1750 3178 nni
1771 3111 1920 3177 incautum
1941 3110 2089 3176 redderet.
2133 3108 2222 3192 Quid,
2244 3111 2322 3198 quod
2341 3132 2400 3201 per
2420 3121 2497 3178 autes

542 3204 573 3261 et
595 3195 798 3272 biandimenta
820 3193 895 3259 adeo
917 3195 1070 3260 valescere
1092 3196 1208 3283 coepit,
1231 3203 1263 3264 ut
1290 3197 1401 3263 sensim
1428 3199 1586 3283 postremis
1608 3197 1740 3280 Augusti
1761 3197 1849 3265 annis
1871 3217 1905 3261 se
1934 3195 1971 3263 ad
2000 3196 2169 3282 superbiam
2196 3203 2227 3261 et
2248 3197 2414 3284 potentiam
2434 3218 2497 3263 ver·

540 3288 628 3348 taret.
672 3280 709 3345 ln
730 3301 845 3346 summa
866 3279 956 3362 enim,
978 3301 1065 3366 quam
1086 3278 1256 3364 simulabat,
1276 3279 1423 3349 modestia
1444 3280 1535 3350 Livia
1554 3281 1612 3348 luit
1633 3279 1787 3349 admodum
1809 3279 1966 3350 ambitiosa
1994 3289 2083 3367 atque
2103 3283 2134 3352 iu
2157 3281 2297 3364 maxima,
2319 3303 2496 3370 quamun-

540 3385 628 3450 quam
651 3385 714 3447 pon
736 3384 808 3452 prae
830 3385 864 3430 se
885 3365 1014 3456 serebat,
1033 3365 1173 3439 conimts
1194 3373 1225 3433 et
1246 3365 1391 3433 lacilitate
1412 3365 1520 3435 muber
1539 3366 1795 3453 imperiosissima.
1819 3363 1883 3438 Qua
1907 3373 2007 3453 ropter
2028 3365 2104 3453 apud
2125 3365 2266 3430 Tacitum
2288 3366 2405 3434 Annal.
2425 3364 2494 3433 bt

516 3448 592 3535 :qui
618 3448 654 3513 de
682 3469 858 3515 successore
883 3448 1015 3535 Augusti
1037 3449 1189 3526 disserunt
1210 3457 1446 3548 conqueruntur
1474 3452 1619 3517 occeden
1644 3459 1777 3517 matrem
1795 3387 1937 3517 molledss'
1957 3452 2148 3533 impotentia.
2193 3448 2278 3523 Quod
2305 3452 2414 3517 mirum
2428 3472 2498 3517 uon

414 3602 418 3606 ,
540 3540 600 3614 est,
623 3555 710 3619 quum
731 3531 856 3604 oriunda
877 3542 960 3597 esset
979 3554 1018 3598 ex
1047 3533 1161 3604 tamdia
1182 3532 1326 3615 claude,
1353 3535 1437 3620 cujus
1458 3535 1573 3623 proprii
1599 3536 1722 3603 luerunt
1748 3534 1780 3604 hi
1800 3556 1917 3616 mores,
1949 3543 1982 3604 ut
2009 3539 2084 3601 satis
2112 3544 2214 3602 antuus
2242 3541 2290 3602 ast
2311 3556 2351 3602 ex
2373 3536 2496 3610 Susum

544 3616 653 3684 Tiber.
675 3640 701 3684 c.
722 3619 754 3687 2.
777 3626 872 3696 exta,
894 3616 996 3683 Tacit.
1017 3615 1100 3686 Anu.
1122 3616 1148 3682 1.
1170 3613 1220 3699 4.,
1242 3618 1319 3687 aliis.
2069 3683 2071 3686 .

627 3702 708 3774 Tum
730 3723 750 3766 a
772 3701 882 3775 Tacito
903 3701 1073 3790 ponderosa
1093 3703 1250 3767 verberum
1269 3702 1419 3771 ,brevitate
1440 3702 1531 3772 Livia
1552 3702 1721 3771 nominatur
1741 3711 1843 3771 muter
1873 3705 2042 3785 tmooass:
2072 3702 2122 3771 att
2150 3702 2183 3770 iu
2208 3703 2314 3791 ‚aprico
2340 3712 2409 3787 est,
2430 3725 2497 3773 ean

538 3777 586 3868 ,lta
603 3787 751 3875 appellari
773 3788 890 3852 radone
910 3785 1037 3855 filiurn
1057 3786 1171 3867 busita
1194 3786 1314 3857 Tiberii
1338 3794 1368 3852 et
1382 3786 1490 3868 Drusi,
1513 3808 1585 3873 quos
1606 3789 1741 3874 impense
1762 3794 1883 3862 ammet-
1895 3793 1929 3851 ot
1950 3808 2004 3875 pro
2027 3788 2131 3873 quibm
2144 3786 2217 3855 nibil
2239 3808 2299 3853 non
2321 3808 2356 3854 aa
2395 3790 2402 3805 '
2478 3798 2499 3856 t

541 3870 702 3953 Mentores
723 3872 820 3952 eninr,
842 3870 920 3958 quud
939 3869 1114 3952 vocabulum
1136 3869 1173 3934 de
1192 3870 1232 3953 ¹iis
1252 3870 1372 3953 dmilur,
1383 3872 1499 4021 quibus
1520 3872 1629 3941 desunt
1648 3872 1730 3938 vines
1751 3880 1802 3948 ast
1820 3872 1958 3959 emporis
1979 3881 2031 3936 aut
2049 3873 2161 3945 masth
2178 3880 2234 3937 aut
2254 3872 2345 3938 animi
2358 3810 2500 3951 witti·

540 3947 628 4024 dines
645 3954 831 4036 ‚frenandam
858 3956 887 4022 h.
908 3954 929 4027 1.
951 3976 1011 4030 non
1033 3954 1071 4025 dc
1091 3953 1184 4020 nimia
1204 3955 1360 4053 natrieiu
1416 3956 1539 4026 iberiam
1560 3956 1652 4053 filium
1675 3957 1808 4045 potanda
1829 3957 1877 4021 vel
1899 3956 2073 4042 moguntia
2094 3977 2159 4022 cnm
2180 3955 2343 4022 Waltbero
2373 3958 2500 4045 aliisque

492 4093 496 4098 .
541 4038 747 4128 accipiendum
761 4046 825 4138 est,
845 4036 901 4107 ssd
922 4045 969 4107 est
977 4035 1211 4139 qsldccopyoc
1223 4038 1466 4139 srve'indulgens
1480 4060 1609 4138 qsonyp
1622 4041 1748 4108 samari
1764 4040 1906 4106 etstudio
1927 4040 2066 4139 filiorum,
2086 4048 2119 4105 et
2139 4041 2275 4127 inprimis
2296 4042 2326 4139 b.
2347 4047 2368 4105 l.
2390 4043 2499 4109 dictam

542 4131 591 4192 eet
612 4123 649 4189 de
670 4145 707 4190 eo
729 4122 842 4205 studeo,
864 4143 922 4209 quo
943 4122 1013 4195 filus
1035 4143 1394 4222 smperuquocesssoponq
1415 4125 1743 4221 conquassandam.
1766 4124 1855 4190 Hauc
1876 4124 2010 4198 vocabula
2032 4146 2089 4198 vrm
2106 4125 2169 4209 jam
2185 4125 2355 4191 Gronovius
2377 4126 2414 4191 ud
2432 4127 2499 4193 lul.

539 4208 712 4296 perspexit;
733 4207 869 4306 idemque
888 4217 973 4306 seete
990 4209 1206 4306 uosqnpriqne
1228 4205 1267 4278 de
1283 4207 1426 4288 Taberna,
1448 4207 1510 4277 blm
1528 4217 1604 4273 natu
1626 4210 1748 4293 majore,
1770 4208 1905 4295 cogitem
1922 4209 2019 4297 jubet,
2040 4209 2116 4275 hacc
2136 4208 2286 4275 scribens:
2315 4208 2499 4295 „indulgens

489 4347 495 4359 .
542 4296 670 4389 στοργῇ
692 4298 723 4355 et
743 4291 841 4390 studio
862 4301 1012 4389 potentiae
1033 4290 1100 4372 tila,
1123 4313 1170 4358 cus
1192 4289 1335 4363 adversus
1358 4290 1477 4391 donnum
1491 4293 1646 4410 ffll'l‘ip‘l‘
1667 4292 1809 4358 adversas
1832 4292 2062 4392 rempublicam
2084 4303 2115 4357 et
2130 4292 2279 4391 ⁸rrtlversus
2299 4304 2498 4396 uepqtmex

543 4374 1844 4560 tutatutabatuabtruttttvtarratum2tituta
1863 4376 2499 4549 taurustaurus,arbuta

543 4553 578 4610 ut
642 4554 739 4611 erutrr
760 4551 956 4645 pnsuupatum
998 4560 1116 4645 maretz
1139 4552 1236 4645 tamen
1258 4553 1347 4645 quam
1370 4554 1430 4610 tum
1453 4546 1611 4612 Trberium
1634 4545 1735 4645 Druso
1757 4544 1875 4643 videtur
1895 4547 2114 4632 anteposuisse,
2157 4568 2222 4611 num
2243 4547 2404 4631 Augustus
2416 4548 2500 4616 Dra·

541 4652 608 4728 sum
628 4629 797 4717 praeferret
813 4630 931 4729 onveob
950 4641 1052 4725 mutuus
1073 4650 1227 4780 aequarum
1249 4652 1313 4697 suae
1355 4628 1411 4696 uod
1433 4652 1518 4700 suum
1540 4652 1608 4700 esse
1629 4630 1720 4697 fillum
1743 4630 1866 4696 screbat.
1881 4631 1932 4706 ¹⁸)
1955 4631 1993 4696 cl.
2017 4568 2273 4730 sescuplarem
2286 4630 2316 4697 1.
2331 4642 2412 4708 extr.
2431 4633 2498 4702 cdl

544 4712 666 4780 libbe
689 4713 741 4780 21.
764 4712 1069 4786 staretstart.
1093 4715 1109 4780 1
1135 4722 1243 4782 .extr.
1266 4723 1298 4780 et
1351 4716 1437 4780 neck.
1460 4714 1481 4782 1.
1504 4715 1525 4781 l.
1549 4715 1573 4780 1.
1596 4716 1626 4781 2.
1649 4736 1678 4802 p.
1701 4714 1751 4780 13.
1776 4736 1821 4801 sq.
1842 4714 1885 4781 Et
1906 4735 1961 4802 pro
1983 4715 2049 4783 solo
2071 4715 2199 4781 Taberna
2218 4715 2358 4784 omullus
2387 4718 2499 4792 aas·

329 4818 338 4841 ·
429 4833 439 4857 ι
543 4807 575 4862 et
595 4798 709 4863 artibus
730 4799 864 4863 obscuris
885 4798 976 4863 Livia
997 4800 1053 4864 niti
1075 4799 1184 4900 coepit,
1198 4799 1431 4953 quum-Drusus
1453 4800 1485 4864 in
1494 4796 1656 4865 Germania
1677 4812 1866 4887 praematura
1887 4805 1983 4864 morte
2004 4799 2155 4865 absumtos
2173 4808 2260 4866 esset
2279 4820 2309 4867 a.
2324 4798 2362 4868 U.
2371 4800 2410 4867 l).
2423 4801 2501 4871 m

545 4884 590 4963 (9.
613 4904 641 4949 u.
663 4882 761 4964 cus).
783 4884 824 4949 cl.
845 4877 1020 4973 lntelprett.
1043 4883 1081 4949 ad
1094 4884 1188 4962 ,Dion
1229 4905 1291 4953 ass.
1306 4884 1394 4948 Libr.
1416 4881 1468 4949 55.
1490 4906 1515 4949 c.
1539 4883 1569 4949 l.
1594 4882 1680 4958 Quod
1703 4882 1821 4971 quidem
1843 4882 1998 4948 masiliam
2020 4882 2193 4950 alterutrius
2214 4882 2271 4950 lilii
2290 4884 2338 4949 sui
2358 4885 2398 4950 ad
2419 4889 2503 4974 priu-

543 4970 672 5057 cipatum
694 4967 838 5033 avebendi
859 4967 965 5036 mulier
986 4967 1179 5038 callidissime
1201 4979 1233 5038 et
1252 4967 1500 5057 imperiosissima
1521 4981 1637 5035 mature
1659 4972 1737 5057 cepit
1758 4978 1934 5056 captumque
1954 4967 2070 5036 occulte
2092 4980 2124 5034 et
2151 4975 2325 5040 constanter
2353 4974 2452 5041 munit
2472 4983 2505 5039 st

449 5129 452 5134 ¹
540 5064 576 5122 ut
596 5054 754 5142 perliceret
774 5052 850 5119 nibil
871 5052 985 5122 fraudis
1006 5054 1190 5140 scelerisque
1211 5074 1271 5122 non
1293 5052 1400 5121 molita
1421 5062 1478 5121 est.
1522 5052 1698 5139 Cuicumque
1720 5054 1799 5118 enim
1819 5062 1942 5141 praeter
1962 5052 2042 5119 lilios
2064 5074 2080 5117 s
2101 5074 2147 5120 cm
2174 5054 2215 5119 irn
2253 5052 2292 5118 rii
2318 5053 2504 5142 adipiscendi
2549 5105 2555 5118 .

544 5161 613 5203 osse
634 5137 850 5225 suspirabatur,
872 5159 936 5201 eum
961 5161 1044 5225 quum
1068 5140 1191 5227 primum
1215 5147 1318 5224 posset
1339 5137 1455 5202 occulte
1478 5160 1532 5226 per
1553 5138 1685 5204 fraudem
1708 5139 1862 5205 subvertit.
1883 5137 1998 5203 Horum
2021 5074 2137 5225 quidem
2158 5160 2209 5203 sce
2223 5158 2305 5204 erum
2327 5161 2502 5229 quamquam

527 5412 530 5428 ·
611 5391 657 5457 18)
674 5390 798 5443 Animum
815 5391 910 5444 Liviae
927 5393 1017 5444 Druso
1041 5395 1128 5444 minus
1152 5390 1287 5444 laventem
1310 5391 1451 5445 declarare
1470 5391 1509 5444 vi·
1533 5383 1559 5444 ”a
1576 5391 1654 5444 Livia
1671 5390 1855 5462 posthabitum
1873 5406 1934 5444 esse
1951 5397 2063 5459 propter
2078 5390 2216 5458 ingenium
2234 5387 2314 5445 civile
2336 5400 2365 5447 et
2381 5411 2398 5449 a
2414 5396 2504 5451 douai-

541 5460 622 5512 detur
639 5459 789 5514 moderatio
802 5462 895 5513 luctus
913 5460 941 5512 in
955 5458 1041 5512 Drusi
1059 5466 1157 5512 monte:
1182 5459 1228 5526 qni
1245 5463 1336 5512 luctus
1354 5476 1506 5529 quanquam
1541 5461 1624 5513 nandi
1641 5461 1789 5528 cupiditate
1807 5461 1936 5527 alienum,
1954 5461 2023 5528 qnod
2037 5466 2153 5528 apparet
2170 5475 2205 5512 es
2221 5458 2267 5526 iis,
2284 5477 2356 5529 qnae
2374 5464 2502 5519 desole·

541 5544 559 5579 s
575 5526 664 5594 poetis
677 5534 704 5579 et
716 5526 895 5595 sumptoribus
907 5529 1070 5592 celebratur,
1088 5528 1210 5580 modicus
1223 5527 1283 5592 luit,
1300 5527 1338 5579 ita
1357 5536 1387 5580 ut
1400 5530 1506 5581 Seneca
1558 5528 1626 5581 imus
1640 5531 1712 5598 apud
1725 5532 1838 5583 Sueten.
1857 5529 1921 5583 Tib.
1938 5544 1961 5581 c.
1982 5529 2024 5583 ab.
2044 5527 2183 5583 sectant.
2202 5543 2226 5585 c.
2243 5529 2270 5582 1.
2288 5530 2501 5588 acusantes.

541 5596 694 5661 exemplum
711 5594 805 5647 Liviae
830 5596 947 5649 dolentis
972 5596 1132 5649 imitandum
1155 5601 1290 5663 proponet
1305 5596 1443 5660 Marciae,
1468 5597 1503 5649 de
1536 5544 1562 5650 d.
1581 5613 1605 5650 c.
1624 5598 1666 5651 33.
1685 5600 1747 5655 coll.
1766 5599 1799 5651 11.
1817 5598 1860 5651 82.

541 5665 673 5717 consolat.
690 5663 724 5716 sd
750 5664 836 5719 Marc.
854 5679 877 5721 o.
894 5665 921 5719 il.
938 5691 973 5704 -
991 5663 1133 5732 suspicari
1158 5663 1223 5716 licet
1246 5664 1362 5717 Drusum
1387 5664 1501 5717 Tiberin
