<?xml version="1.0" encoding="UTF-8"?>
<!DOCTYPE html PUBLIC "-//W3C//DTD XHTML 1.0 Transitional//EN"
    "http://www.w3.org/TR/xhtml1/DTD/xhtml1-transitional.dtd">
<html xmlns="http://www.w3.org/1999/xhtml" xml:lang="en" lang="en">
 <head>
  <title>
</title>
<meta http-equiv="Content-Type" content="text/html;charset=utf-8" />
  <meta name='ocr-system' content='tesseract 3.04.00' />
  <meta name='ocr-capabilities' content='ocr_page ocr_carea ocr_par ocr_line ocrx_word'/>
</head>
<body>
  <div class='ocr_page' id='page_1' title='image "./imperatoriscaes00weicgoog/imperatoriscaes00weicgoog_0060.png"; bbox 0 0 5717 6575; ppageno 0'>
   <div class='ocr_carea' id='block_1_1' title="bbox 495 612 1798 703">
    <p class='ocr_par' dir='ltr' id='par_1_1' title="bbox 495 612 1798 703">
     <span class='ocr_line' id='line_1_1' title="bbox 495 612 1798 703; baseline -0.004 -13"><span class='ocrx_word' id='word_1_1' title='bbox 495 626 550 703; x_wconf 76' lang='lat'>46</span> <span class='ocrx_word' id='word_1_2' title='bbox 1238 612 1265 687; x_wconf 74' lang='lat' dir='ltr'><strong>I</strong></span> <span class='ocrx_word' id='word_1_3' title='bbox 1286 615 1346 685; x_wconf 82' lang='lat' dir='ltr'>DE</span> <span class='ocrx_word' id='word_1_4' title='bbox 1368 614 1582 687; x_wconf 77' lang='lat' dir='ltr'>CAESARIS</span> <span class='ocrx_word' id='word_1_5' title='bbox 1603 614 1798 687; x_wconf 75' lang='lat' dir='ltr'><strong>AUGUSTI</strong></span> 
     </span>
    </p>
   </div>
   <div class='ocr_carea' id='block_1_2' title="bbox 493 802 2498 1024">
    <p class='ocr_par' dir='ltr' id='par_1_2' title="bbox 493 802 2498 1024">
     <span class='ocr_line' id='line_1_2' title="bbox 493 802 2498 907; baseline -0.005 -21"><span class='ocrx_word' id='word_1_6' title='bbox 493 808 586 887; x_wconf 76' lang='lat' dir='ltr'>-Vam</span> <span class='ocrx_word' id='word_1_7' title='bbox 606 807 697 883; x_wconf 83' lang='lat' dir='ltr'>llist.</span> <span class='ocrx_word' id='word_1_8' title='bbox 724 805 824 883; x_wconf 83' lang='lat' dir='ltr'>Lihr.</span> <span class='ocrx_word' id='word_1_9' title='bbox 851 804 936 880; x_wconf 87' lang='lat' dir='ltr'><strong>XII.</strong></span> <span class='ocrx_word' id='word_1_10' title='bbox 957 803 1083 899; x_wconf 68' lang='lat' dir='ltr'>ecs,</span> <span class='ocrx_word' id='word_1_11' title='bbox 1106 829 1156 879; x_wconf 81' lang='lat' dir='ltr'>ex</span> <span class='ocrx_word' id='word_1_12' title='bbox 1180 831 1250 906; x_wconf 91' lang='lat' dir='ltr'>quo</span> <span class='ocrx_word' id='word_1_13' title='bbox 1276 805 1432 907; x_wconf 80' lang='lat' dir='ltr'>prudens</span> <span class='ocrx_word' id='word_1_14' title='bbox 1458 805 1644 907; x_wconf 78' lang='lat' dir='ltr'>sciensque</span> <span class='ocrx_word' id='word_1_15' title='bbox 1668 805 1758 883; x_wconf 86' lang='lat' dir='ltr'>haec</span> <span class='ocrx_word' id='word_1_16' title='bbox 1781 802 2151 883; x_wconf 75' lang='lat' dir='ltr'>transscrihamr&#39;Koi</span> <span class='ocrx_word' id='word_1_17' title='bbox 2174 803 2389 893; x_wconf 78' lang='grc' dir='ltr'><strong><em>Λεύκολλος</em></strong></span> <span class='ocrx_word' id='word_1_18' title='bbox 2407 808 2498 889; x_wconf 73' lang='grc' dir='ltr'>Ἀρ.</span> 
     </span>
     <span class='ocr_line' id='line_1_3' title="bbox 494 902 2496 1024; baseline 0.002 -21"><span class='ocrx_word' id='word_1_19' title='bbox 494 927 690 1023; x_wconf 78' lang='grc' dir='ltr'><strong><em>τιόχοντι</em></strong></span> <span class='ocrx_word' id='word_1_20' title='bbox 716 924 843 1000; x_wconf 80' lang='grc' dir='ltr'><em>ὤνατο</em></span> <span class='ocrx_word' id='word_1_21' title='bbox 867 932 937 1000; x_wconf 84' lang='grc' dir='ltr'>τοῦ</span> <span class='ocrx_word' id='word_1_22' title='bbox 954 902 1247 1010; x_wconf 76' lang='grc' dir='ltr'><strong><em>Ἀσκαλωνίτου,</em></strong></span> <span class='ocrx_word' id='word_1_23' title='bbox 1275 923 1342 999; x_wconf 78' lang='grc' dir='ltr'>καὶ</span> <span class='ocrx_word' id='word_1_24' title='bbox 1365 920 1573 1020; x_wconf 77' lang='grc' dir='ltr'><em>Μαικήνας</em></span> <span class='ocrx_word' id='word_1_25' title='bbox 1590 922 1749 1023; x_wconf 79' lang='grc' dir='ltr'><strong><em>Ἀρείου,</em></strong></span> <span class='ocrx_word' id='word_1_26' title='bbox 1775 923 2036 1023; x_wconf 75' lang='grc' dir='ltr'><strong><em>καλΚικίρων</em></strong></span> <span class='ocrx_word' id='word_1_27' title='bbox 2062 923 2333 1024; x_wconf 75' lang='grc' dir='ltr'><strong><em>Ἀπολλωνίου,</em></strong></span> <span class='ocrx_word' id='word_1_28' title='bbox 2371 927 2440 1003; x_wconf 81' lang='grc' dir='ltr'>καὶ</span> <span class='ocrx_word' id='word_1_29' title='bbox 2473 928 2496 1007; x_wconf 84' lang='grc' dir='ltr'><strong><em>ὅ</em></strong></span> 
     </span>
    </p>
   </div>
   <div class='ocr_carea' id='block_1_3' title="bbox 365 1037 2499 1151">
    <p class='ocr_par' dir='ltr' id='par_1_3' title="bbox 365 1037 2499 1151">
     <span class='ocr_line' id='line_1_4' title="bbox 365 1037 2499 1151; baseline 0.003 -32"><span class='ocrx_word' id='word_1_30' title='bbox 365 1128 370 1137; x_wconf 55' lang='grc'><em>,</em></span> <span class='ocrx_word' id='word_1_31' title='bbox 496 1040 695 1145; x_wconf 71' lang='grc' dir='ltr'>Σεβαστὸς</span> <span class='ocrx_word' id='word_1_32' title='bbox 724 1037 1089 1141; x_wconf 67' lang='grc' dir='ltr'>Ἀθηνοδώρου.104)</span> <span class='ocrx_word' id='word_1_33' title='bbox 1139 1043 1233 1119; x_wconf 87' lang='lat' dir='ltr'>Nam</span> <span class='ocrx_word' id='word_1_34' title='bbox 1267 1047 1298 1121; x_wconf 90' lang='lat' dir='ltr'>is</span> <span class='ocrx_word' id='word_1_35' title='bbox 1331 1043 1430 1145; x_wconf 88' lang='lat' dir='ltr'>ipse,</span> <span class='ocrx_word' id='word_1_36' title='bbox 1464 1046 1525 1146; x_wconf 92' lang='lat' dir='ltr'>qui</span> <span class='ocrx_word' id='word_1_37' title='bbox 1555 1045 1611 1119; x_wconf 92' lang='lat' dir='ltr'>hic</span> <span class='ocrx_word' id='word_1_38' title='bbox 1645 1052 1879 1141; x_wconf 88' lang='lat' dir='ltr'>memoratur,</span> <span class='ocrx_word' id='word_1_39' title='bbox 1913 1044 2167 1138; x_wconf 76' lang='lat' dir='ltr'><strong>Athenodorus</strong></span> <span class='ocrx_word' id='word_1_40' title='bbox 2193 1043 2348 1121; x_wconf 86' lang='lat' dir='ltr'>dubitari</span> <span class='ocrx_word' id='word_1_41' title='bbox 2371 1051 2499 1151; x_wconf 81' lang='lat' dir='ltr'>neant</span> 
     </span>
    </p>
   </div>
   <div class='ocr_carea' id='block_1_4' title="bbox 450 1161 2578 5518">
    <p class='ocr_par' dir='ltr' id='par_1_4' title="bbox 450 1161 2578 5518">
     <span class='ocr_line' id='line_1_5' title="bbox 496 1161 2497 1270; baseline 0.002 -30"><span class='ocrx_word' id='word_1_42' title='bbox 496 1174 582 1270; x_wconf 88' lang='lat' dir='ltr'>quin</span> <span class='ocrx_word' id='word_1_43' title='bbox 607 1165 653 1240; x_wconf 92' lang='lat' dir='ltr'>sit</span> <span class='ocrx_word' id='word_1_44' title='bbox 673 1163 848 1240; x_wconf 79' lang='lat' dir='ltr'>Sandonis</span> <span class='ocrx_word' id='word_1_45' title='bbox 871 1161 985 1259; x_wconf 90' lang='lat' dir='ltr'>lilius,</span> <span class='ocrx_word' id='word_1_46' title='bbox 1007 1162 1197 1238; x_wconf 76' lang='lat' dir='ltr'>Tarsensis</span> <span class='ocrx_word' id='word_1_47' title='bbox 1222 1165 1283 1238; x_wconf 92' lang='lat' dir='ltr'>ille</span> <span class='ocrx_word' id='word_1_48' title='bbox 1308 1164 1536 1264; x_wconf 85' lang='lat' dir='ltr'>philosophus</span> <span class='ocrx_word' id='word_1_49' title='bbox 1560 1162 1722 1261; x_wconf 77' lang='lat' dir='ltr'>Stoicum,</span> <span class='ocrx_word' id='word_1_50' title='bbox 1746 1189 1852 1266; x_wconf 90' lang='lat' dir='ltr'>quern</span> <span class='ocrx_word' id='word_1_51' title='bbox 1870 1167 1946 1263; x_wconf 88' lang='lat' dir='ltr'>jam</span> <span class='ocrx_word' id='word_1_52' title='bbox 1970 1166 2090 1264; x_wconf 89' lang='lat' dir='ltr'>plures</span> <span class='ocrx_word' id='word_1_53' title='bbox 2110 1189 2220 1241; x_wconf 88' lang='lat' dir='ltr'>annos</span> <span class='ocrx_word' id='word_1_54' title='bbox 2232 1166 2370 1243; x_wconf 84' lang='lat' dir='ltr'>Romae</span> <span class='ocrx_word' id='word_1_55' title='bbox 2393 1194 2497 1245; x_wconf 88' lang='lat' dir='ltr'>corn-</span> 
     </span>
     <span class='ocr_line' id='line_1_6' title="bbox 494 1282 2496 1386; baseline 0.001 -23"><span class='ocrx_word' id='word_1_56' title='bbox 494 1294 671 1363; x_wconf 86' lang='lat' dir='ltr'>morctcm</span> <span class='ocrx_word' id='word_1_57' title='bbox 694 1291 730 1358; x_wconf 89' lang='lat' dir='ltr'>et</span> <span class='ocrx_word' id='word_1_58' title='bbox 755 1282 954 1374; x_wconf 86' lang='lat' dir='ltr'>Ciceronis,</span> <span class='ocrx_word' id='word_1_59' title='bbox 977 1282 1109 1376; x_wconf 85' lang='lat' dir='ltr'>Attici,</span> <span class='ocrx_word' id='word_1_60' title='bbox 1138 1283 1363 1381; x_wconf 89' lang='lat' dir='ltr'>aliorumque</span> <span class='ocrx_word' id='word_1_61' title='bbox 1387 1282 1623 1358; x_wconf 76' lang='lat' dir='ltr'>familiaritate</span> <span class='ocrx_word' id='word_1_62' title='bbox 1656 1287 1787 1359; x_wconf 90' lang='lat' dir='ltr'>clarum</span> <span class='ocrx_word' id='word_1_63' title='bbox 1818 1282 1928 1357; x_wconf 85' lang='lat' dir='ltr'>luisse</span> <span class='ocrx_word' id='word_1_64' title='bbox 1965 1282 2194 1372; x_wconf 84' lang='lat' dir='ltr'>ostendimus.</span> <span class='ocrx_word' id='word_1_65' title='bbox 2244 1286 2364 1386; x_wconf 82' lang='lat' dir='ltr'><strong>Atque</strong></span> <span class='ocrx_word' id='word_1_66' title='bbox 2399 1288 2496 1367; x_wconf 92' lang='lat' dir='ltr'>hunc</span> 
     </span>
     <span class='ocr_line' id='line_1_7' title="bbox 501 1398 2495 1509; baseline 0 -27"><span class='ocrx_word' id='word_1_67' title='bbox 501 1404 753 1509; x_wconf 88' lang='lat' dir='ltr'>philosophum</span> <span class='ocrx_word' id='word_1_68' title='bbox 777 1401 821 1475; x_wconf 89' lang='lat' dir='ltr'>oh</span> <span class='ocrx_word' id='word_1_69' title='bbox 845 1403 1011 1502; x_wconf 82' lang='lat' dir='ltr'>Augusto</span> <span class='ocrx_word' id='word_1_70' title='bbox 1035 1400 1238 1475; x_wconf 79' lang='lat' dir='ltr'>Triumviro</span> <span class='ocrx_word' id='word_1_71' title='bbox 1262 1401 1404 1476; x_wconf 91' lang='lat' dir='ltr'>demum</span> <span class='ocrx_word' id='word_1_72' title='bbox 1420 1400 1656 1491; x_wconf 40' lang='lat' dir='ltr'>,contubernio</span> <span class='ocrx_word' id='word_1_73' title='bbox 1683 1398 1863 1478; x_wconf 90' lang='lat' dir='ltr'>admotum</span> <span class='ocrx_word' id='word_1_74' title='bbox 1889 1408 1925 1476; x_wconf 90' lang='lat' dir='ltr'>et</span> <span class='ocrx_word' id='word_1_75' title='bbox 1939 1403 2037 1479; x_wconf 86' lang='lat' dir='ltr'>inter¹</span> <span class='ocrx_word' id='word_1_76' title='bbox 2052 1402 2335 1481; x_wconf 80' lang='lat' dir='ltr'>familiarissimos</span> <span class='ocrx_word' id='word_1_77' title='bbox 2350 1407 2495 1482; x_wconf 85' lang='lat' dir='ltr'>assum·</span> 
     </span>
     <span class='ocr_line' id='line_1_8' title="bbox 494 1517 2495 1630; baseline 0 -29"><span class='ocrx_word' id='word_1_78' title='bbox 494 1534 597 1630; x_wconf 90' lang='lat' dir='ltr'>ptum</span> <span class='ocrx_word' id='word_1_79' title='bbox 626 1524 757 1614; x_wconf 88' lang='lat' dir='ltr'>luisse,</span> <span class='ocrx_word' id='word_1_80' title='bbox 780 1545 851 1594; x_wconf 93' lang='lat' dir='ltr'>non</span> <span class='ocrx_word' id='word_1_81' title='bbox 871 1518 1008 1594; x_wconf 81' lang='lat' dir='ltr'>levibus</span> <span class='ocrx_word' id='word_1_82' title='bbox 1032 1517 1172 1593; x_wconf 90' lang='lat' dir='ltr'>adducti</span> <span class='ocrx_word' id='word_1_83' title='bbox 1196 1523 1328 1596; x_wconf 84' lang='lat' dir='ltr'>caussis</span> <span class='ocrx_word' id='word_1_84' title='bbox 1352 1520 1612 1597; x_wconf 85' lang='lat' dir='ltr'>contendimus.</span> <span class='ocrx_word' id='word_1_85' title='bbox 1663 1521 1759 1619; x_wconf 83' lang='lat' dir='ltr'>Quid</span> <span class='ocrx_word' id='word_1_86' title='bbox 1785 1522 1880 1595; x_wconf 88' lang='lat' dir='ltr'>euim</span> <span class='ocrx_word' id='word_1_87' title='bbox 1902 1517 2056 1598; x_wconf 79' lang='lat' dir='ltr'>censes?</span> <span class='ocrx_word' id='word_1_88' title='bbox 2090 1522 2186 1598; x_wconf 89' lang='lat' dir='ltr'>Num</span> <span class='ocrx_word' id='word_1_89' title='bbox 2213 1523 2379 1601; x_wconf 79' lang='lat' dir='ltr'>Aelianus</span> <span class='ocrx_word' id='word_1_90' title='bbox 2405 1551 2495 1601; x_wconf 83' lang='lat' dir='ltr'>eru-</span> 
     </span>
     <span class='ocr_line' id='line_1_9' title="bbox 497 1637 2495 1745; baseline 0.001 -25"><span class='ocrx_word' id='word_1_91' title='bbox 497 1642 591 1720; x_wconf 86' lang='lat' dir='ltr'>ditos</span> <span class='ocrx_word' id='word_1_92' title='bbox 615 1646 701 1717; x_wconf 85' lang='lat' dir='ltr'>istos</span> <span class='ocrx_word' id='word_1_93' title='bbox 726 1640 884 1717; x_wconf 83' lang='lat' dir='ltr'>Graecos</span> <span class='ocrx_word' id='word_1_94' title='bbox 910 1639 1047 1740; x_wconf 78' lang='lat' dir='ltr'><strong>profert</strong></span> <span class='ocrx_word' id='word_1_95' title='bbox 1071 1647 1112 1714; x_wconf 95' lang='lat' dir='ltr'>ut</span> <span class='ocrx_word' id='word_1_96' title='bbox 1135 1641 1343 1738; x_wconf 84' lang='lat' dir='ltr'>magistros,</span> <span class='ocrx_word' id='word_1_97' title='bbox 1368 1665 1520 1741; x_wconf 89' lang='lat' dir='ltr'>quorum</span> <span class='ocrx_word' id='word_1_98' title='bbox 1549 1637 1732 1740; x_wconf 88' lang='lat' dir='ltr'>disciphna</span> <span class='ocrx_word' id='word_1_99' title='bbox 1756 1648 1791 1715; x_wconf 93' lang='lat' dir='ltr'>et</span> <span class='ocrx_word' id='word_1_100' title='bbox 1813 1640 2032 1715; x_wconf 85' lang='lat' dir='ltr'>institutione</span> <span class='ocrx_word' id='word_1_101' title='bbox 2064 1642 2120 1716; x_wconf 89' lang='lat' dir='ltr'>usi</span> <span class='ocrx_word' id='word_1_102' title='bbox 2144 1644 2215 1716; x_wconf 90' lang='lat' dir='ltr'>sint</span> <span class='ocrx_word' id='word_1_103' title='bbox 2236 1643 2412 1745; x_wconf 85' lang='lat' dir='ltr'>principes</span> <span class='ocrx_word' id='word_1_104' title='bbox 2440 1645 2495 1721; x_wconf 90' lang='lat' dir='ltr'>illi</span> 
     </span>
     <span class='ocr_line' id='line_1_10' title="bbox 496 1753 2494 1865; baseline 0 -26"><span class='ocrx_word' id='word_1_105' title='bbox 496 1766 743 1843; x_wconf 79' lang='lat' dir='ltr'>Romanorum</span> <span class='ocrx_word' id='word_1_106' title='bbox 775 1765 837 1841; x_wconf 88' lang='lat' dir='ltr'>aut</span> <span class='ocrx_word' id='word_1_107' title='bbox 865 1760 967 1858; x_wconf 84' lang='lat' dir='ltr'>pueri</span> <span class='ocrx_word' id='word_1_108' title='bbox 1001 1765 1065 1832; x_wconf 91' lang='lat' dir='ltr'>aut</span> <span class='ocrx_word' id='word_1_109' title='bbox 1092 1753 1269 1857; x_wconf 81' lang='lat' dir='ltr'>juvenes?</span> <span class='ocrx_word' id='word_1_110' title='bbox 1320 1759 1436 1834; x_wconf 90' lang='lat' dir='ltr'>Immo</span> <span class='ocrx_word' id='word_1_111' title='bbox 1469 1759 1581 1832; x_wconf 88' lang='lat' dir='ltr'>hahiti</span> <span class='ocrx_word' id='word_1_112' title='bbox 1611 1766 1695 1833; x_wconf 90' lang='lat' dir='ltr'>sunt</span> <span class='ocrx_word' id='word_1_113' title='bbox 1718 1759 1801 1852; x_wconf 93' lang='lat' dir='ltr'>illi,</span> <span class='ocrx_word' id='word_1_114' title='bbox 1822 1761 2070 1860; x_wconf 78' lang='lat' dir='ltr'>praecellentes</span> <span class='ocrx_word' id='word_1_115' title='bbox 2095 1760 2239 1862; x_wconf 84' lang='lat' dir='ltr'>ingenio</span> <span class='ocrx_word' id='word_1_116' title='bbox 2264 1760 2494 1865; x_wconf 79' lang='lat' dir='ltr'>doctrinaque</span> 
     </span>
     <span class='ocr_line' id='line_1_11' title="bbox 496 1870 2563 1978; baseline -0.003 -23"><span class='ocrx_word' id='word_1_117' title='bbox 496 1885 588 1978; x_wconf 80' lang='lat' dir='ltr'>siri,</span> <span class='ocrx_word' id='word_1_118' title='bbox 611 1881 833 1955; x_wconf 86' lang='lat' dir='ltr'>familiarium</span> <span class='ocrx_word' id='word_1_119' title='bbox 857 1880 954 1970; x_wconf 88' lang='lat' dir='ltr'>loco,</span> <span class='ocrx_word' id='word_1_120' title='bbox 980 1902 1131 1978; x_wconf 89' lang='lat' dir='ltr'>quorum</span> <span class='ocrx_word' id='word_1_121' title='bbox 1156 1878 1356 1977; x_wconf 83' lang='lat' dir='ltr'>praeceptis</span> <span class='ocrx_word' id='word_1_122' title='bbox 1381 1879 1419 1952; x_wconf 92' lang='lat' dir='ltr'>in</span> <span class='ocrx_word' id='word_1_123' title='bbox 1442 1870 1551 1952; x_wconf 83' lang='lat' dir='ltr'>nehus</span> <span class='ocrx_word' id='word_1_124' title='bbox 1576 1876 1827 1970; x_wconf 83' lang='lat' dir='ltr'>constituendis</span> <span class='ocrx_word' id='word_1_125' title='bbox 1850 1904 1891 1951; x_wconf 90' lang='lat' dir='ltr'>ac</span> <span class='ocrx_word' id='word_1_126' title='bbox 1916 1879 2067 1954; x_wconf 90' lang='lat' dir='ltr'>consiliis</span> <span class='ocrx_word' id='word_1_127' title='bbox 2093 1879 2132 1952; x_wconf 91' lang='lat' dir='ltr'>in</span> <span class='ocrx_word' id='word_1_128' title='bbox 2167 1878 2218 1953; x_wconf 88' lang='lat' dir='ltr'>eis</span> <span class='ocrx_word' id='word_1_129' title='bbox 2243 1879 2494 1959; x_wconf 75' lang='lat' dir='ltr'>adruiuishan-</span> <span class='ocrx_word' id='word_1_130' title='bbox 2559 1943 2563 1949; x_wconf 90' lang='lat'>.</span> 
     </span>
     <span class='ocr_line' id='line_1_12' title="bbox 497 1994 2495 2098; baseline -0.001 -18"><span class='ocrx_word' id='word_1_131' title='bbox 497 2004 554 2079; x_wconf 91' lang='lat' dir='ltr'>dis</span> <span class='ocrx_word' id='word_1_132' title='bbox 577 2006 777 2079; x_wconf 85' lang='lat' dir='ltr'>uterentur.</span> <span class='ocrx_word' id='word_1_133' title='bbox 827 1995 876 2070; x_wconf 85' lang='lat' dir='ltr'>Et</span> <span class='ocrx_word' id='word_1_134' title='bbox 905 1994 1200 2096; x_wconf 85' lang='lat' dir='ltr'>quemadmodum</span> <span class='ocrx_word' id='word_1_135' title='bbox 1221 1997 1265 2071; x_wconf 86' lang='lat' dir='ltr'>P.</span> <span class='ocrx_word' id='word_1_136' title='bbox 1292 1997 1480 2072; x_wconf 87' lang='lat' dir='ltr'>Gomelius</span> <span class='ocrx_word' id='word_1_137' title='bbox 1502 1996 1624 2096; x_wconf 84' lang='lat' dir='ltr'>Scipio</span> <span class='ocrx_word' id='word_1_138' title='bbox 1645 1996 1838 2072; x_wconf 80' lang='lat' dir='ltr'>Africanus</span> <span class='ocrx_word' id='word_1_139' title='bbox 1870 1997 1987 2072; x_wconf 89' lang='lat' dir='ltr'>minor</span> <span class='ocrx_word' id='word_1_140' title='bbox 1994 2050 2007 2092; x_wconf 99' lang='lat'>,</span> <span class='ocrx_word' id='word_1_141' title='bbox 2037 1999 2096 2073; x_wconf 89' lang='lat' dir='ltr'>ille</span> <span class='ocrx_word' id='word_1_142' title='bbox 2127 2000 2269 2098; x_wconf 85' lang='lat' dir='ltr'>elegans</span> <span class='ocrx_word' id='word_1_143' title='bbox 2294 2000 2495 2078; x_wconf 80' lang='lat' dir='ltr'>liberalium</span> 
     </span>
     <span class='ocr_line' id='line_1_13' title="bbox 498 2112 2494 2213; baseline 0.001 -18"><span class='ocrx_word' id='word_1_144' title='bbox 498 2122 699 2200; x_wconf 87' lang='lat' dir='ltr'>studiorum</span> <span class='ocrx_word' id='word_1_145' title='bbox 735 2116 917 2213; x_wconf 88' lang='lat' dir='ltr'>omnisque</span> <span class='ocrx_word' id='word_1_146' title='bbox 949 2112 1131 2189; x_wconf 88' lang='lat' dir='ltr'>doctrinae</span> <span class='ocrx_word' id='word_1_147' title='bbox 1162 2124 1199 2189; x_wconf 92' lang='lat' dir='ltr'>et</span> <span class='ocrx_word' id='word_1_148' title='bbox 1231 2121 1352 2190; x_wconf 89' lang='lat' dir='ltr'>auctor</span> <span class='ocrx_word' id='word_1_149' title='bbox 1383 2123 1417 2189; x_wconf 88' lang='lat' dir='ltr'>et</span> <span class='ocrx_word' id='word_1_150' title='bbox 1449 2114 1657 2211; x_wconf 90' lang='lat' dir='ltr'>admirator,</span> <span class='ocrx_word' id='word_1_151' title='bbox 1692 2116 1922 2211; x_wconf 72' lang='lat' dir='ltr'>Panaetium,</span> <span class='ocrx_word' id='word_1_152' title='bbox 1955 2115 2229 2207; x_wconf 74' lang='lat' dir='ltr'>eruditissimum</span> <span class='ocrx_word' id='word_1_153' title='bbox 2260 2116 2422 2193; x_wconf 88' lang='lat' dir='ltr'>Stoicum</span> <span class='ocrx_word' id='word_1_154' title='bbox 2450 2146 2494 2196; x_wconf 88' lang='lat' dir='ltr'>ac</span> 
     </span>
     <span class='ocr_line' id='line_1_14' title="bbox 489 2232 2495 2347; baseline 0.001 -34"><span class='ocrx_word' id='word_1_155' title='bbox 489 2266 613 2347; x_wconf 52' lang='lat' dir='ltr'>,paene</span> <span class='ocrx_word' id='word_1_156' title='bbox 647 2236 822 2328; x_wconf 75' lang='lat' dir='ltr'>didnum,</span> <span class='ocrx_word' id='word_1_157' title='bbox 856 2232 950 2306; x_wconf 90' lang='lat' dir='ltr'>domi</span> <span class='ocrx_word' id='word_1_158' title='bbox 984 2234 1200 2332; x_wconf 84' lang='lat' dir='ltr'>militiaeque</span> <span class='ocrx_word' id='word_1_159' title='bbox 1235 2254 1355 2309; x_wconf 87' lang='lat' dir='ltr'>secum</span> <span class='ocrx_word' id='word_1_160' title='bbox 1386 2234 1577 2326; x_wconf 83' lang='lat' dir='ltr'>habuerat3</span> <span class='ocrx_word' id='word_1_161' title='bbox 1609 2236 1659 2307; x_wconf 90' lang='lat' dir='ltr'>ita</span> <span class='ocrx_word' id='word_1_162' title='bbox 1693 2235 1800 2321; x_wconf 78' lang='lat' dir='ltr'>etiam</span> <span class='ocrx_word' id='word_1_163' title='bbox 1828 2235 2016 2334; x_wconf 63' lang='lat' dir='ltr'>Aupmtus</span> <span class='ocrx_word' id='word_1_164' title='bbox 2040 2236 2244 2331; x_wconf 78' lang='lat' dir='ltr'>Triumvir,</span> <span class='ocrx_word' id='word_1_165' title='bbox 2284 2238 2495 2315; x_wconf 82' lang='lat' dir='ltr'>ambitiosus</span> 
     </span>
     <span class='ocr_line' id='line_1_15' title="bbox 496 2350 2495 2462; baseline -0.001 -29"><span class='ocrx_word' id='word_1_166' title='bbox 496 2365 671 2462; x_wconf 82' lang='lat' dir='ltr'>majorum</span> <span class='ocrx_word' id='word_1_167' title='bbox 697 2355 912 2444; x_wconf 87' lang='lat' dir='ltr'>aemulator,</span> <span class='ocrx_word' id='word_1_168' title='bbox 937 2351 1193 2427; x_wconf 81' lang='lat' dir='ltr'>existimandus</span> <span class='ocrx_word' id='word_1_169' title='bbox 1218 2361 1272 2426; x_wconf 87' lang='lat' dir='ltr'>est</span> <span class='ocrx_word' id='word_1_170' title='bbox 1297 2350 1565 2427; x_wconf 76' lang='lat' dir='ltr'>Athenodorum</span> <span class='ocrx_word' id='word_1_171' title='bbox 1586 2352 1748 2428; x_wconf 90' lang='lat' dir='ltr'>Stoicum</span> <span class='ocrx_word' id='word_1_172' title='bbox 1773 2354 1927 2427; x_wconf 75' lang='lat' dir='ltr'>ameum</span> <span class='ocrx_word' id='word_1_173' title='bbox 1953 2354 2019 2427; x_wconf 90' lang='lat' dir='ltr'>sibi</span> <span class='ocrx_word' id='word_1_174' title='bbox 2044 2379 2086 2429; x_wconf 90' lang='lat' dir='ltr'>ac</span> <span class='ocrx_word' id='word_1_175' title='bbox 2107 2356 2338 2431; x_wconf 80' lang='lat' dir='ltr'>convictorem</span> <span class='ocrx_word' id='word_1_176' title='bbox 2362 2355 2495 2457; x_wconf 86' lang='lat' dir='ltr'>adjun-</span> 
     </span>
     <span class='ocr_line' id='line_1_16' title="bbox 497 2470 2494 2574; baseline -0.001 -20"><span class='ocrx_word' id='word_1_177' title='bbox 497 2483 620 2574; x_wconf 85' lang='lat' dir='ltr'>xisse,</span> <span class='ocrx_word' id='word_1_178' title='bbox 645 2482 684 2550; x_wconf 91' lang='lat' dir='ltr'>ut</span> <span class='ocrx_word' id='word_1_179' title='bbox 707 2498 788 2548; x_wconf 91' lang='lat' dir='ltr'>eum</span> <span class='ocrx_word' id='word_1_180' title='bbox 813 2472 851 2545; x_wconf 89' lang='lat' dir='ltr'>in</span> <span class='ocrx_word' id='word_1_181' title='bbox 876 2470 1230 2571; x_wconf 84' lang='lat' dir='ltr'>civitatisregundae</span> <span class='ocrx_word' id='word_1_182' title='bbox 1255 2473 1452 2546; x_wconf 86' lang='lat' dir='ltr'>rationein</span> <span class='ocrx_word' id='word_1_183' title='bbox 1476 2473 1659 2547; x_wconf 91' lang='lat' dir='ltr'>consilium</span> <span class='ocrx_word' id='word_1_184' title='bbox 1692 2471 1884 2549; x_wconf 77' lang='lat' dir='ltr'>adhiberet</span> <span class='ocrx_word' id='word_1_185' title='bbox 1934 2471 2067 2547; x_wconf 86' lang='lat' dir='ltr'>Notum</span> <span class='ocrx_word' id='word_1_186' title='bbox 2097 2474 2193 2549; x_wconf 80' lang='lat' dir='ltr'>eninr</span> <span class='ocrx_word' id='word_1_187' title='bbox 2227 2481 2297 2569; x_wconf 89' lang='lat' dir='ltr'>est,</span> <span class='ocrx_word' id='word_1_188' title='bbox 2333 2475 2494 2574; x_wconf 89' lang='lat' dir='ltr'>philoso-</span> 
     </span>
     <span class='ocr_line' id='line_1_17' title="bbox 497 2583 2494 2704; baseline -0.003 -30"><span class='ocrx_word' id='word_1_189' title='bbox 497 2601 619 2704; x_wconf 85' lang='lat' dir='ltr'>phiam</span> <span class='ocrx_word' id='word_1_190' title='bbox 641 2593 813 2669; x_wconf 84' lang='lat' dir='ltr'>Stoicam</span> <span class='ocrx_word' id='word_1_191' title='bbox 830 2614 918 2688; x_wconf 88' lang='lat' dir='ltr'>prae</span> <span class='ocrx_word' id='word_1_192' title='bbox 952 2591 1098 2664; x_wconf 88' lang='lat' dir='ltr'>caeteris</span> <span class='ocrx_word' id='word_1_193' title='bbox 1123 2589 1221 2689; x_wconf 90' lang='lat' dir='ltr'>apud</span> <span class='ocrx_word' id='word_1_194' title='bbox 1251 2591 1435 2665; x_wconf 86' lang='lat' dir='ltr'>Romanos</span> <span class='ocrx_word' id='word_1_195' title='bbox 1458 2591 1638 2667; x_wconf 78' lang='lat' dir='ltr'>inuenisse</span> <span class='ocrx_word' id='word_1_196' title='bbox 1671 2597 1707 2665; x_wconf 90' lang='lat' dir='ltr'>et</span> <span class='ocrx_word' id='word_1_197' title='bbox 1739 2589 1969 2675; x_wconf 81' lang='lat' dir='ltr'>admiratores</span> <span class='ocrx_word' id='word_1_198' title='bbox 2001 2583 2130 2667; x_wconf 83' lang='lat' dir='ltr'>multo&#39;s</span> <span class='ocrx_word' id='word_1_199' title='bbox 2153 2599 2190 2667; x_wconf 84' lang='lat' dir='ltr'>ct</span> <span class='ocrx_word' id='word_1_200' title='bbox 2214 2600 2426 2689; x_wconf 82' lang='lat' dir='ltr'>sectatores,</span> <span class='ocrx_word' id='word_1_201' title='bbox 2449 2601 2494 2669; x_wconf 87' lang='lat' dir='ltr'>ut</span> 
     </span>
     <span class='ocr_line' id='line_1_18' title="bbox 498 2706 2491 2823; baseline 0.001 -37"><span class='ocrx_word' id='word_1_202' title='bbox 498 2743 591 2823; x_wconf 76' lang='lat' dir='ltr'>quae</span> <span class='ocrx_word' id='word_1_203' title='bbox 615 2716 720 2812; x_wconf 90' lang='lat' dir='ltr'>hujus</span> <span class='ocrx_word' id='word_1_204' title='bbox 742 2708 864 2809; x_wconf 90' lang='lat' dir='ltr'>populi</span> <span class='ocrx_word' id='word_1_205' title='bbox 889 2708 1029 2808; x_wconf 84' lang='lat' dir='ltr'>ingenio</span> <span class='ocrx_word' id='word_1_206' title='bbox 1055 2716 1090 2794; x_wconf 90' lang='lat' dir='ltr'>et</span> <span class='ocrx_word' id='word_1_207' title='bbox 1119 2711 1215 2783; x_wconf 81' lang='lat' dir='ltr'>sitae</span> <span class='ocrx_word' id='word_1_208' title='bbox 1239 2709 1402 2809; x_wconf 83' lang='lat' dir='ltr'>publicae</span> <span class='ocrx_word' id='word_1_209' title='bbox 1433 2716 1526 2785; x_wconf 90' lang='lat' dir='ltr'>esset</span> <span class='ocrx_word' id='word_1_210' title='bbox 1561 2708 1933 2785; x_wconf 79' lang='lat' dir='ltr'>accommodatissima.</span> <span class='ocrx_word' id='word_1_211' title='bbox 1947 2709 2015 2807; x_wconf 68' lang='grc'>105)</span> <span class='ocrx_word' id='word_1_212' title='bbox 2063 2710 2181 2810; x_wconf 84' lang='lat' dir='ltr'>Atque</span> <span class='ocrx_word' id='word_1_213' title='bbox 2210 2718 2252 2785; x_wconf 92' lang='lat' dir='ltr'>ut</span> <span class='ocrx_word' id='word_1_214' title='bbox 2286 2706 2491 2810; x_wconf 82' lang='lat' dir='ltr'>concedam,</span> 
     </span>
     <span class='ocr_line' id='line_1_19' title="bbox 497 2826 2493 2939; baseline 0.004 -39"><span class='ocrx_word' id='word_1_215' title='bbox 497 2841 725 2939; x_wconf 69' lang='lat' dir='ltr'>Augustum,</span> <span class='ocrx_word' id='word_1_216' title='bbox 752 2827 837 2901; x_wconf 89' lang='lat' dir='ltr'>dum</span> <span class='ocrx_word' id='word_1_217' title='bbox 862 2826 1045 2900; x_wconf 86' lang='lat' dir='ltr'>Triumvir</span> <span class='ocrx_word' id='word_1_218' title='bbox 1071 2835 1187 2922; x_wconf 89' lang='lat' dir='ltr'>esset,</span> <span class='ocrx_word' id='word_1_219' title='bbox 1216 2853 1264 2901; x_wconf 85' lang='lat' dir='ltr'>ex</span> <span class='ocrx_word' id='word_1_220' title='bbox 1285 2829 1352 2902; x_wconf 88' lang='lat' dir='ltr'>hae</span> <span class='ocrx_word' id='word_1_221' title='bbox 1373 2828 1660 2928; x_wconf 89' lang='lat' dir='ltr'>philosophorum</span> <span class='ocrx_word' id='word_1_222' title='bbox 1678 2827 1931 2902; x_wconf 89' lang='lat' dir='ltr'>consuetudine</span> <span class='ocrx_word' id='word_1_223' title='bbox 1945 2831 2058 2931; x_wconf 86' lang='lat' dir='ltr'>magis</span> <span class='ocrx_word' id='word_1_224' title='bbox 2076 2831 2274 2928; x_wconf 83' lang='lat' dir='ltr'>supientiae</span> <span class='ocrx_word' id='word_1_225' title='bbox 2291 2831 2493 2929; x_wconf 86' lang='lat' dir='ltr'>opinionem</span> 
     </span>
     <span class='ocr_line' id='line_1_20' title="bbox 497 2944 2491 3061; baseline 0.003 -41"><span class='ocrx_word' id='word_1_226' title='bbox 497 2980 604 3061; x_wconf 74' lang='lat' dir='ltr'>quam</span> <span class='ocrx_word' id='word_1_227' title='bbox 629 2947 836 3051; x_wconf 78' lang='lat' dir='ltr'>cognitionis</span> <span class='ocrx_word' id='word_1_228' title='bbox 862 2944 1069 3046; x_wconf 85' lang='lat' dir='ltr'>virtutisque</span> <span class='ocrx_word' id='word_1_229' title='bbox 1091 2970 1325 3053; x_wconf 85' lang='lat' dir='ltr'>progressum</span> <span class='ocrx_word' id='word_1_230' title='bbox 1350 2948 1582 3046; x_wconf 86' lang='lat' dir='ltr'>quaesivisse,</span> <span class='ocrx_word' id='word_1_231' title='bbox 1621 2954 1737 3021; x_wconf 84' lang='lat' dir='ltr'>tamen</span> <span class='ocrx_word' id='word_1_232' title='bbox 1773 2945 1869 3021; x_wconf 90' lang='lat' dir='ltr'>haud</span> <span class='ocrx_word' id='word_1_233' title='bbox 1899 2948 2032 3049; x_wconf 83' lang='lat' dir='ltr'>exigua</span> <span class='ocrx_word' id='word_1_234' title='bbox 2063 2947 2172 3027; x_wconf 89' lang='lat' dir='ltr'>laude</span> <span class='ocrx_word' id='word_1_235' title='bbox 2205 2948 2400 3025; x_wconf 86' lang='lat' dir='ltr'>ornandus¹</span> <span class='ocrx_word' id='word_1_236' title='bbox 2420 2957 2491 3047; x_wconf 84' lang='lat' dir='ltr'>est,</span> 
     </span>
     <span class='ocr_line' id='line_1_21' title="bbox 498 3063 2493 3179; baseline -0.003 -30"><span class='ocrx_word' id='word_1_237' title='bbox 498 3073 592 3179; x_wconf 92' lang='lat' dir='ltr'>quod</span> <span class='ocrx_word' id='word_1_238' title='bbox 614 3072 708 3146; x_wconf 82' lang='lat' dir='ltr'>viros</span> <span class='ocrx_word' id='word_1_239' title='bbox 733 3069 811 3140; x_wconf 90' lang='lat' dir='ltr'>illos</span> <span class='ocrx_word' id='word_1_240' title='bbox 831 3066 870 3137; x_wconf 93' lang='lat' dir='ltr'>in</span> <span class='ocrx_word' id='word_1_241' title='bbox 888 3088 1016 3166; x_wconf 80' lang='lat' dir='ltr'>magno</span> <span class='ocrx_word' id='word_1_242' title='bbox 1039 3063 1185 3138; x_wconf 85' lang='lat' dir='ltr'>haberet</span> <span class='ocrx_word' id='word_1_243' title='bbox 1207 3067 1363 3160; x_wconf 88' lang='lat' dir='ltr'>honore,</span> <span class='ocrx_word' id='word_1_244' title='bbox 1391 3090 1518 3140; x_wconf 88' lang='lat' dir='ltr'>eorum</span> <span class='ocrx_word' id='word_1_245' title='bbox 1540 3067 1691 3141; x_wconf 90' lang='lat' dir='ltr'>consiliis</span> <span class='ocrx_word' id='word_1_246' title='bbox 1714 3066 1892 3167; x_wconf 84' lang='lat' dir='ltr'>singulare</span> <span class='ocrx_word' id='word_1_247' title='bbox 1915 3091 1955 3140; x_wconf 92' lang='lat' dir='ltr'>ac</span> <span class='ocrx_word' id='word_1_248' title='bbox 1980 3066 2125 3142; x_wconf 85' lang='lat' dir='ltr'>liberale</span> <span class='ocrx_word' id='word_1_249' title='bbox 2160 3075 2357 3166; x_wconf 85' lang='lat' dir='ltr'>praestaret</span> <span class='ocrx_word' id='word_1_250' title='bbox 2382 3066 2493 3144; x_wconf 85' lang='lat' dir='ltr'>ohse-</span> 
     </span>
     <span class='ocr_line' id='line_1_22' title="bbox 498 3182 2493 3297; baseline -0.002 -31"><span class='ocrx_word' id='word_1_251' title='bbox 498 3194 624 3297; x_wconf 91' lang='lat' dir='ltr'>quium</span> <span class='ocrx_word' id='word_1_252' title='bbox 648 3186 807 3285; x_wconf 89' lang='lat' dir='ltr'>cdeoque</span> <span class='ocrx_word' id='word_1_253' title='bbox 832 3208 956 3257; x_wconf 85' lang='lat' dir='ltr'>eorum</span> <span class='ocrx_word' id='word_1_254' title='bbox 976 3182 1174 3258; x_wconf 86' lang='lat' dir='ltr'>libertatem</span> <span class='ocrx_word' id='word_1_255' title='bbox 1196 3185 1245 3257; x_wconf 69' lang='lat' dir='ltr'>in&#39;</span> <span class='ocrx_word' id='word_1_256' title='bbox 1259 3185 1480 3260; x_wconf 89' lang='lat' dir='ltr'>admonendo</span> <span class='ocrx_word' id='word_1_257' title='bbox 1508 3193 1545 3261; x_wconf 90' lang='lat' dir='ltr'>et</span> <span class='ocrx_word' id='word_1_258' title='bbox 1567 3183 1789 3286; x_wconf 85' lang='lat' dir='ltr'>castigando,</span> <span class='ocrx_word' id='word_1_259' title='bbox 1816 3182 1990 3284; x_wconf 89' lang='lat' dir='ltr'>quidquid</span> <span class='ocrx_word' id='word_1_260' title='bbox 2002 3187 2040 3261; x_wconf 91' lang='lat' dir='ltr'>in</span> <span class='ocrx_word' id='word_1_261' title='bbox 2061 3187 2133 3260; x_wconf 85' lang='lat' dir='ltr'>rita</span> <span class='ocrx_word' id='word_1_262' title='bbox 2152 3211 2220 3260; x_wconf 87' lang='lat' dir='ltr'>sua</span> <span class='ocrx_word' id='word_1_263' title='bbox 2239 3187 2285 3260; x_wconf 88' lang='lat' dir='ltr'>ah</span> <span class='ocrx_word' id='word_1_264' title='bbox 2309 3187 2493 3263; x_wconf 85' lang='lat' dir='ltr'>honestate</span> 
     </span>
     <span class='ocr_line' id='line_1_23' title="bbox 498 3302 2494 3409; baseline -0.004 -20"><span class='ocrx_word' id='word_1_265' title='bbox 498 3313 737 3409; x_wconf 88' lang='lat' dir='ltr'>discreparet,</span> <span class='ocrx_word' id='word_1_266' title='bbox 774 3328 911 3379; x_wconf 88' lang='lat' dir='ltr'>summa</span> <span class='ocrx_word' id='word_1_267' title='bbox 936 3302 1042 3377; x_wconf 87' lang='lat' dir='ltr'>animi</span> <span class='ocrx_word' id='word_1_268' title='bbox 1067 3305 1244 3404; x_wconf 87' lang='lat' dir='ltr'>aequItote</span> <span class='ocrx_word' id='word_1_269' title='bbox 1269 3302 1390 3380; x_wconf 85' lang='lat' dir='ltr'>ferret.</span> <span class='ocrx_word' id='word_1_270' title='bbox 1442 3304 1496 3380; x_wconf 87' lang='lat' dir='ltr'>Eo</span> <span class='ocrx_word' id='word_1_271' title='bbox 1521 3306 1664 3380; x_wconf 90' lang='lat' dir='ltr'>nomine</span> <span class='ocrx_word' id='word_1_272' title='bbox 1699 3305 1858 3379; x_wconf 86' lang='lat' dir='ltr'>certatim</span> <span class='ocrx_word' id='word_1_273' title='bbox 1890 3305 1990 3382; x_wconf 90' lang='lat' dir='ltr'>illum</span> <span class='ocrx_word' id='word_1_274' title='bbox 2024 3303 2168 3380; x_wconf 90' lang='lat' dir='ltr'>laudant</span> <span class='ocrx_word' id='word_1_275' title='bbox 2190 3307 2400 3406; x_wconf 85' lang='lat' dir='ltr'>scriptores,</span> <span class='ocrx_word' id='word_1_276' title='bbox 2430 3307 2494 3408; x_wconf 91' lang='lat' dir='ltr'>qui</span> 
     </span>
     <span class='ocr_line' id='line_1_24' title="bbox 499 3422 2493 3522; baseline 0.001 -21"><span class='ocrx_word' id='word_1_277' title='bbox 499 3433 581 3508; x_wconf 85' lang='lat' dir='ltr'>licet</span> <span class='ocrx_word' id='word_1_278' title='bbox 605 3427 794 3501; x_wconf 84' lang='lat' dir='ltr'>maximam</span> <span class='ocrx_word' id='word_1_279' title='bbox 819 3429 958 3522; x_wconf 87' lang='lat' dir='ltr'>partam</span> <span class='ocrx_word' id='word_1_280' title='bbox 976 3422 1122 3497; x_wconf 86' lang='lat' dir='ltr'>serioris</span> <span class='ocrx_word' id='word_1_281' title='bbox 1146 3424 1216 3496; x_wconf 91' lang='lat' dir='ltr'>sint</span> <span class='ocrx_word' id='word_1_282' title='bbox 1240 3423 1389 3519; x_wconf 87' lang='lat' dir='ltr'>aetatis,</span> <span class='ocrx_word' id='word_1_283' title='bbox 1412 3432 1532 3500; x_wconf 88' lang='lat' dir='ltr'>tamen</span> <span class='ocrx_word' id='word_1_284' title='bbox 1557 3424 1682 3499; x_wconf 79' lang='lat' dir='ltr'>hocin</span> <span class='ocrx_word' id='word_1_285' title='bbox 1708 3448 1834 3498; x_wconf 84' lang='lat' dir='ltr'>caussa</span> <span class='ocrx_word' id='word_1_286' title='bbox 1859 3424 1948 3498; x_wconf 89' lang='lat' dir='ltr'>mihi</span> <span class='ocrx_word' id='word_1_287' title='bbox 1973 3424 2159 3521; x_wconf 85' lang='lat' dir='ltr'>ridentur,</span> <span class='ocrx_word' id='word_1_288' title='bbox 2184 3423 2348 3502; x_wconf 89' lang='lat' dir='ltr'>incolumi</span> <span class='ocrx_word' id='word_1_289' title='bbox 2369 3452 2493 3502; x_wconf 74' lang='lat' dir='ltr'>renum</span> 
     </span>
     <span class='ocr_line' id='line_1_25' title="bbox 497 3540 1403 3643; baseline -0.009 -17"><span class='ocrx_word' id='word_1_290' title='bbox 497 3549 589 3643; x_wconf 87' lang='lat' dir='ltr'>lide,</span> <span class='ocrx_word' id='word_1_291' title='bbox 610 3544 655 3620; x_wconf 93' lang='lat' dir='ltr'>ad</span> <span class='ocrx_word' id='word_1_292' title='bbox 678 3540 868 3618; x_wconf 91' lang='lat' dir='ltr'>dicendum</span> <span class='ocrx_word' id='word_1_293' title='bbox 890 3541 1129 3616; x_wconf 87' lang='lat' dir='ltr'>testimonium</span> <span class='ocrx_word' id='word_1_294' title='bbox 1148 3543 1263 3615; x_wconf 85' lang='lat' dir='ltr'>vocari</span> <span class='ocrx_word' id='word_1_295' title='bbox 1286 3567 1403 3641; x_wconf 88' lang='lat' dir='ltr'>posse.</span> 
     </span>
     <span class='ocr_line' id='line_1_26' title="bbox 651 3659 2493 3765; baseline -0.001 -25"><span class='ocrx_word' id='word_1_296' title='bbox 651 3663 732 3741; x_wconf 81' lang='lat' dir='ltr'>lam</span> <span class='ocrx_word' id='word_1_297' title='bbox 757 3686 841 3735; x_wconf 84' lang='lat' dir='ltr'>raro</span> <span class='ocrx_word' id='word_1_298' title='bbox 865 3659 1116 3734; x_wconf 82' lang='lat' dir='ltr'>Athenodorus</span> <span class='ocrx_word' id='word_1_299' title='bbox 1143 3660 1220 3754; x_wconf 91' lang='lat' dir='ltr'>ille,</span> <span class='ocrx_word' id='word_1_300' title='bbox 1245 3661 1300 3733; x_wconf 89' lang='lat' dir='ltr'>vir</span> <span class='ocrx_word' id='word_1_301' title='bbox 1321 3662 1478 3761; x_wconf 87' lang='lat' dir='ltr'>inprimis</span> <span class='ocrx_word' id='word_1_302' title='bbox 1503 3660 1675 3761; x_wconf 86' lang='lat' dir='ltr'>ingenuus</span> <span class='ocrx_word' id='word_1_303' title='bbox 1706 3667 1741 3735; x_wconf 91' lang='lat' dir='ltr'>et</span> <span class='ocrx_word' id='word_1_304' title='bbox 1765 3660 1911 3763; x_wconf 82' lang='lat' dir='ltr'>gravis,</span> <span class='ocrx_word' id='word_1_305' title='bbox 1938 3685 2041 3760; x_wconf 89' lang='lat' dir='ltr'>quarn</span> <span class='ocrx_word' id='word_1_306' title='bbox 2066 3662 2243 3763; x_wconf 78' lang='lat' dir='ltr'>gratiosum</span> <span class='ocrx_word' id='word_1_307' title='bbox 2263 3661 2369 3738; x_wconf 84' lang='lat' dir='ltr'>luerit</span> <span class='ocrx_word' id='word_1_308' title='bbox 2390 3660 2493 3765; x_wconf 83' lang='lat' dir='ltr'>apud</span> 
     </span>
     <span class='ocr_line' id='line_1_27' title="bbox 497 3775 2494 3890; baseline 0 -31"><span class='ocrx_word' id='word_1_309' title='bbox 497 3789 704 3890; x_wconf 80' lang='lat' dir='ltr'>Augustum</span> <span class='ocrx_word' id='word_1_310' title='bbox 726 3780 989 3874; x_wconf 86' lang='lat' dir='ltr'>Trimnvirum,</span> <span class='ocrx_word' id='word_1_311' title='bbox 1014 3778 1117 3853; x_wconf 89' lang='lat' dir='ltr'>docet</span> <span class='ocrx_word' id='word_1_312' title='bbox 1137 3778 1332 3879; x_wconf 81' lang='lat' dir='ltr'>perillustre</span> <span class='ocrx_word' id='word_1_313' title='bbox 1352 3778 1442 3854; x_wconf 83' lang='lat' dir='ltr'>illud</span> <span class='ocrx_word' id='word_1_314' title='bbox 1466 3775 1670 3875; x_wconf 77' lang='grc' dir='ltr'>παρρησίας</span> <span class='ocrx_word' id='word_1_315' title='bbox 1694 3783 1916 3881; x_wconf 84' lang='lat' dir='ltr'>exemplum,</span> <span class='ocrx_word' id='word_1_316' title='bbox 1942 3805 2012 3881; x_wconf 87' lang='lat' dir='ltr'>quo</span> <span class='ocrx_word' id='word_1_317' title='bbox 2037 3781 2140 3856; x_wconf 88' lang='lat' dir='ltr'>istius</span> <span class='ocrx_word' id='word_1_318' title='bbox 2164 3782 2343 3857; x_wconf 88' lang='lat' dir='ltr'>hhidinem</span> <span class='ocrx_word' id='word_1_319' title='bbox 2367 3806 2408 3857; x_wconf 84' lang='lat' dir='ltr'>so</span> <span class='ocrx_word' id='word_1_320' title='bbox 2428 3808 2494 3859; x_wconf 88' lang='lat' dir='ltr'>sa·</span> 
     </span>
     <span class='ocr_line' id='line_1_28' title="bbox 498 3895 2494 3999; baseline -0.004 -14"><span class='ocrx_word' id='word_1_321' title='bbox 498 3908 676 3985; x_wconf 83' lang='lat' dir='ltr'>lucitetem</span> <span class='ocrx_word' id='word_1_322' title='bbox 703 3897 889 3999; x_wconf 88' lang='lat' dir='ltr'>ahqucndo</span> <span class='ocrx_word' id='word_1_323' title='bbox 914 3895 1096 3998; x_wconf 77' lang='lat' dir='ltr'>repressit.</span> <span class='ocrx_word' id='word_1_324' title='bbox 1146 3898 1309 3971; x_wconf 88' lang='lat' dir='ltr'>Relatum</span> <span class='ocrx_word' id='word_1_325' title='bbox 1330 3898 1415 3973; x_wconf 89' lang='lat' dir='ltr'>illud</span> <span class='ocrx_word' id='word_1_326' title='bbox 1441 3899 1592 3999; x_wconf 85' lang='lat' dir='ltr'>legimus</span> <span class='ocrx_word' id='word_1_327' title='bbox 1619 3899 1715 3999; x_wconf 91' lang='lat' dir='ltr'>apud</span> <span class='ocrx_word' id='word_1_328' title='bbox 1740 3900 1847 3974; x_wconf 88' lang='lat' dir='ltr'>Dion.</span> <span class='ocrx_word' id='word_1_329' title='bbox 1871 3900 1971 3979; x_wconf 84' lang='lat' dir='ltr'>Cass.</span> <span class='ocrx_word' id='word_1_330' title='bbox 1987 3897 2088 3974; x_wconf 89' lang='lat' dir='ltr'>Lihr.</span> <span class='ocrx_word' id='word_1_331' title='bbox 2115 3898 2213 3975; x_wconf 84' lang='lat' dir='ltr'><strong>LVI.</strong></span> <span class='ocrx_word' id='word_1_332' title='bbox 2237 3927 2269 3976; x_wconf 90' lang='grc' dir='ltr'>ο.</span> <span class='ocrx_word' id='word_1_333' title='bbox 2287 3904 2349 3976; x_wconf 84' lang='grc'>43.</span> <span class='ocrx_word' id='word_1_334' title='bbox 2366 3909 2403 3975; x_wconf 92' lang='lat' dir='ltr'>et</span> <span class='ocrx_word' id='word_1_335' title='bbox 2426 3926 2494 3977; x_wconf 92' lang='lat' dir='ltr'>co-</span> 
     </span>
     <span class='ocr_line' id='line_1_29' title="bbox 450 4015 2493 4130; baseline -0.003 -32"><span class='ocrx_word' id='word_1_336' title='bbox 450 4053 455 4060; x_wconf 73' lang='grc'><strong><em>’</em></strong></span> <span class='ocrx_word' id='word_1_337' title='bbox 497 4025 631 4130; x_wconf 86' lang='lat' dir='ltr'>plosius</span> <span class='ocrx_word' id='word_1_338' title='bbox 651 4019 747 4121; x_wconf 91' lang='lat' dir='ltr'>apud</span> <span class='ocrx_word' id='word_1_339' title='bbox 766 4020 948 4123; x_wconf 61' lang='lat' dir='ltr'>zonarum</span> <span class='ocrx_word' id='word_1_340' title='bbox 972 4017 1102 4090; x_wconf 79' lang='lat' dir='ltr'>Annal.</span> <span class='ocrx_word' id='word_1_341' title='bbox 1123 4016 1221 4090; x_wconf 85' lang='lat' dir='ltr'>Lihr.</span> <span class='ocrx_word' id='word_1_342' title='bbox 1244 4018 1294 4090; x_wconf 91' lang='lat' dir='ltr'>X.</span> <span class='ocrx_word' id='word_1_343' title='bbox 1320 4042 1350 4092; x_wconf 92' lang='lat' dir='ltr'>c.</span> <span class='ocrx_word' id='word_1_344' title='bbox 1382 4022 1443 4093; x_wconf 77' lang='lat'>38.</span> <span class='ocrx_word' id='word_1_345' title='bbox 1468 4016 1550 4094; x_wconf 82' lang='lat' dir='ltr'>Vol.</span> <span class='ocrx_word' id='word_1_346' title='bbox 1562 4016 1594 4091; x_wconf 89' lang='grc' dir='ltr'>Ι.</span> <span class='ocrx_word' id='word_1_347' title='bbox 1619 4017 1978 4117; x_wconf 81' lang='lat' dir='ltr'>p.544.ed.1’aris.</span> <span class='ocrx_word' id='word_1_348' title='bbox 2002 4018 2058 4091; x_wconf 86' lang='lat' dir='ltr'>his</span> <span class='ocrx_word' id='word_1_349' title='bbox 2080 4017 2216 4094; x_wconf 84' lang='lat' dir='ltr'>verbis:</span> <span class='ocrx_word' id='word_1_350' title='bbox 2240 4015 2354 4115; x_wconf 69' lang='lat' dir='ltr'>„tius</span> <span class='ocrx_word' id='word_1_351' title='bbox 2378 4015 2493 4117; x_wconf 81' lang='grc' dir='ltr'><em>ἐτίμα</em></span> 
     </span>
     <span class='ocr_line' id='line_1_30' title="bbox 496 4129 2493 4240; baseline 0 -26"><span class='ocrx_word' id='word_1_352' title='bbox 496 4141 588 4226; x_wconf 76' lang='grc' dir='ltr'><strong><em>τοὺς</em></strong></span> <span class='ocrx_word' id='word_1_353' title='bbox 608 4137 741 4240; x_wconf 83' lang='grc' dir='ltr'><strong><em>φίλους</em></strong></span> <span class='ocrx_word' id='word_1_354' title='bbox 769 4132 813 4236; x_wconf 82' lang='grc' dir='ltr'>(ὅ</span> <span class='ocrx_word' id='word_1_355' title='bbox 838 4133 1051 4235; x_wconf 73' lang='grc' dir='ltr'><strong><em>Αὕγουςος)</em></strong></span> <span class='ocrx_word' id='word_1_356' title='bbox 1072 4131 1137 4208; x_wconf 80' lang='grc' dir='ltr'>καὶ</span> <span class='ocrx_word' id='word_1_357' title='bbox 1155 4129 1315 4232; x_wconf 81' lang='grc' dir='ltr'>χάριτας</span> <span class='ocrx_word' id='word_1_358' title='bbox 1342 4130 1527 4236; x_wconf 76' lang='grc' dir='ltr'><strong><em>ὡμολόγει</em></strong></span> <span class='ocrx_word' id='word_1_359' title='bbox 1555 4138 1634 4216; x_wconf 79' lang='grc' dir='ltr'><strong><em>τοῖς</em></strong></span> <span class='ocrx_word' id='word_1_360' title='bbox 1656 4130 1776 4211; x_wconf 81' lang='grc' dir='ltr'><strong><em>αὐτὸν</em></strong></span> <span class='ocrx_word' id='word_1_361' title='bbox 1798 4132 2089 4232; x_wconf 78' lang='grc' dir='ltr'><strong><em>διορθουμὲνοις</em></strong></span> <span class='ocrx_word' id='word_1_362' title='bbox 2115 4134 2170 4234; x_wconf 75' lang='grc' dir='ltr'>ἐφ’</span> <span class='ocrx_word' id='word_1_363' title='bbox 2196 4134 2250 4221; x_wconf 82' lang='grc' dir='ltr'>οἷς</span> <span class='ocrx_word' id='word_1_364' title='bbox 2272 4132 2493 4235; x_wconf 78' lang='grc' dir='ltr'><strong><em>ἐσφάλλετο·</em></strong></span> 
     </span>
     <span class='ocr_line' id='line_1_31' title="bbox 498 4247 2578 4359; baseline -0.004 -21"><span class='ocrx_word' id='word_1_365' title='bbox 498 4262 626 4359; x_wconf 76' lang='grc' dir='ltr'><strong><em>ὥσπερ</em></strong></span> <span class='ocrx_word' id='word_1_366' title='bbox 647 4252 711 4331; x_wconf 81' lang='grc' dir='ltr'>καὶ</span> <span class='ocrx_word' id='word_1_367' title='bbox 733 4261 788 4353; x_wconf 80' lang='grc' dir='ltr'>τῷ</span> <span class='ocrx_word' id='word_1_368' title='bbox 808 4247 1065 4349; x_wconf 77' lang='grc' dir='ltr'><strong><em>Ἀθηνοδώρῳ</em></strong></span> <span class='ocrx_word' id='word_1_369' title='bbox 1089 4249 1205 4350; x_wconf 75' lang='grc' dir='ltr'><strong><em>ἀνδρὶ</em></strong></span> <span class='ocrx_word' id='word_1_370' title='bbox 1231 4258 1338 4350; x_wconf 80' lang='grc' dir='ltr'><strong><em>σοφῷ</em></strong></span> <span class='ocrx_word' id='word_1_371' title='bbox 1366 4250 1426 4326; x_wconf 76' lang='grc' dir='ltr'>ἐπὶ</span> <span class='ocrx_word' id='word_1_372' title='bbox 1446 4249 1575 4348; x_wconf 80' lang='grc' dir='ltr'><strong><em>τοιᾷδε</em></strong></span> <span class='ocrx_word' id='word_1_373' title='bbox 1598 4249 1712 4350; x_wconf 77' lang='grc' dir='ltr'>αἰτίᾳ.</span> <span class='ocrx_word' id='word_1_374' title='bbox 1745 4247 2040 4352; x_wconf 34' lang='grc' dir='ltr'><strong><em>ὶΕὐκατοίφορος</em></strong></span> <span class='ocrx_word' id='word_1_375' title='bbox 2072 4252 2166 4353; x_wconf 83' lang='grc' dir='ltr'><strong><em>πρὸς</em></strong></span> <span class='ocrx_word' id='word_1_376' title='bbox 2196 4252 2245 4328; x_wconf 81' lang='grc' dir='ltr'>τοὶ</span> <span class='ocrx_word' id='word_1_377' title='bbox 2279 4249 2494 4353; x_wconf 79' lang='grc' dir='ltr'><strong><em>ἀφροδίσια</em></strong></span> <span class='ocrx_word' id='word_1_378' title='bbox 2575 4347 2578 4353; x_wconf 21' lang='lat'>¹</span> 
     </span>
     <span class='ocr_line' id='line_1_32' title="bbox 497 4366 2494 4477; baseline 0 -28"><span class='ocrx_word' id='word_1_379' title='bbox 497 4375 570 4477; x_wconf 79' lang='grc' dir='ltr'>ἦν,</span> <span class='ocrx_word' id='word_1_380' title='bbox 595 4375 660 4453; x_wconf 81' lang='grc' dir='ltr'>καὶ</span> <span class='ocrx_word' id='word_1_381' title='bbox 686 4373 725 4447; x_wconf 85' lang='grc' dir='ltr'>αἱ</span> <span class='ocrx_word' id='word_1_382' title='bbox 750 4374 927 4474; x_wconf 74' lang='grc' dir='ltr'>γυναῖκες</span> <span class='ocrx_word' id='word_1_383' title='bbox 950 4366 1168 4466; x_wconf 77' lang='grc' dir='ltr'><strong><em>ἐκομίζοντο</em></strong></span> <span class='ocrx_word' id='word_1_384' title='bbox 1194 4369 1239 4452; x_wconf 75' lang='grc' dir='ltr'>ἃς</span> <span class='ocrx_word' id='word_1_385' title='bbox 1269 4367 1446 4466; x_wconf 77' lang='grc' dir='ltr'><strong><em>ἐβούλετο</em></strong></span> <span class='ocrx_word' id='word_1_386' title='bbox 1471 4370 1513 4444; x_wconf 77' lang='grc' dir='ltr'>ἐν</span> <span class='ocrx_word' id='word_1_387' title='bbox 1537 4370 1780 4473; x_wconf 77' lang='grc' dir='ltr'>καταστίγοις</span> <span class='ocrx_word' id='word_1_388' title='bbox 1805 4366 1988 4469; x_wconf 65' lang='grc' dir='ltr'><strong><em>φορείοιξ,</em></strong></span> <span class='ocrx_word' id='word_1_389' title='bbox 2016 4370 2082 4445; x_wconf 84' lang='grc' dir='ltr'>καὶ</span> <span class='ocrx_word' id='word_1_390' title='bbox 2100 4369 2222 4456; x_wconf 79' lang='grc' dir='ltr'><strong><em>οὕτως</em></strong></span> <span class='ocrx_word' id='word_1_391' title='bbox 2247 4375 2298 4456; x_wconf 75' lang='grc' dir='ltr'>εἰς</span> <span class='ocrx_word' id='word_1_392' title='bbox 2320 4370 2392 4449; x_wconf 85' lang='grc' dir='ltr'>τὸν</span> <span class='ocrx_word' id='word_1_393' title='bbox 2417 4370 2494 4450; x_wconf 83' lang='grc' dir='ltr'>αὐ-</span> 
     </span>
     <span class='ocr_line' id='line_1_33' title="bbox 497 4483 2495 4595; baseline -0.006 -20"><span class='ocrx_word' id='word_1_394' title='bbox 497 4503 569 4576; x_wconf 85' lang='grc' dir='ltr'>τοῦ</span> <span class='ocrx_word' id='word_1_395' title='bbox 593 4489 786 4595; x_wconf 75' lang='grc' dir='ltr'><strong><em>εἰσήγοντο</em></strong></span> <span class='ocrx_word' id='word_1_396' title='bbox 812 4483 1003 4583; x_wconf 77' lang='grc' dir='ltr'>θάλαμον.</span> <span class='ocrx_word' id='word_1_397' title='bbox 1036 4486 1197 4571; x_wconf 79' lang='grc' dir='ltr'><strong><em>Ἐκεῖνος</em></strong></span> <span class='ocrx_word' id='word_1_398' title='bbox 1220 4484 1262 4562; x_wconf 75' lang='grc' dir='ltr'>δὲ</span> <span class='ocrx_word' id='word_1_399' title='bbox 1293 4483 1435 4572; x_wconf 84' lang='grc' dir='ltr'><em>ταύτας</em></span> <span class='ocrx_word' id='word_1_400' title='bbox 1462 4485 1570 4588; x_wconf 73' lang='grc' dir='ltr'><strong><em>ἐξῆγί</em></strong></span> <span class='ocrx_word' id='word_1_401' title='bbox 1598 4487 1726 4562; x_wconf 80' lang='grc' dir='ltr'><strong><em>τεκαὶ</em></strong></span> <span class='ocrx_word' id='word_1_402' title='bbox 1749 4487 1937 4587; x_wconf 77' lang='grc' dir='ltr'><strong><em>ἐκέχρητο.</em></strong></span> <span class='ocrx_word' id='word_1_403' title='bbox 1961 4485 2152 4589; x_wconf 80' lang='grc' dir='ltr'><strong><em>·Ἠροίσθη</em></strong></span> <span class='ocrx_word' id='word_1_404' title='bbox 2179 4498 2279 4594; x_wconf 74' lang='grc' dir='ltr'><strong><em>γοῦν</em></strong></span> <span class='ocrx_word' id='word_1_405' title='bbox 2303 4517 2393 4566; x_wconf 81' lang='grc' dir='ltr'><strong><em>ποτε</em></strong></span> <span class='ocrx_word' id='word_1_406' title='bbox 2417 4517 2495 4594; x_wconf 78' lang='lat' dir='ltr'>yv-</span> 
     </span>
     <span class='ocr_line' id='line_1_34' title="bbox 497 4591 2495 4713; baseline 0.001 -30"><span class='ocrx_word' id='word_1_407' title='bbox 497 4612 646 4702; x_wconf 70' lang='grc' dir='ltr'>γαεκὸς,</span> <span class='ocrx_word' id='word_1_408' title='bbox 673 4605 738 4684; x_wconf 82' lang='grc' dir='ltr'>καὶ</span> <span class='ocrx_word' id='word_1_409' title='bbox 762 4608 905 4705; x_wconf 73' lang='grc' dir='ltr'><strong><em>ἔπεμψε</em></strong></span> <span class='ocrx_word' id='word_1_410' title='bbox 928 4605 1061 4705; x_wconf 77' lang='grc' dir='ltr'><strong><em>λαβεῖν</em></strong></span> <span class='ocrx_word' id='word_1_411' title='bbox 1082 4601 1214 4700; x_wconf 82' lang='grc' dir='ltr'>αὐτήν.</span> <span class='ocrx_word' id='word_1_412' title='bbox 1256 4604 1321 4681; x_wconf 86' lang='grc' dir='ltr'>Ἕν</span> <span class='ocrx_word' id='word_1_413' title='bbox 1342 4602 1468 4708; x_wconf 77' lang='grc' dir='ltr'><strong><em>τούτῳ</em></strong></span> <span class='ocrx_word' id='word_1_414' title='bbox 1502 4603 1544 4683; x_wconf 76' lang='grc' dir='ltr'>δὲ</span> <span class='ocrx_word' id='word_1_415' title='bbox 1574 4591 1912 4708; x_wconf 71' lang='grc' dir='ltr'><strong><em>δἈθηνόδωροο,</em></strong></span> <span class='ocrx_word' id='word_1_416' title='bbox 1949 4613 2004 4707; x_wconf 78' lang='grc' dir='ltr'>τῷ</span> <span class='ocrx_word' id='word_1_417' title='bbox 2036 4613 2102 4704; x_wconf 80' lang='grc' dir='ltr'>τῆς</span> <span class='ocrx_word' id='word_1_418' title='bbox 2130 4606 2321 4713; x_wconf 74' lang='grc' dir='ltr'>γυναικὸς.</span> <span class='ocrx_word' id='word_1_419' title='bbox 2348 4606 2495 4706; x_wconf 73' lang='grc' dir='ltr'><strong><em>ἐκείνης</em></strong></span> 
     </span>
     <span class='ocr_line' id='line_1_35' title="bbox 565 4822 2494 4941; baseline 0.001 -40"><span class='ocrx_word' id='word_1_420' title='bbox 565 4848 630 4918; x_wconf 79' lang='lat' dir='ltr'>ros)</span> <span class='ocrx_word' id='word_1_421' title='bbox 650 4846 796 4901; x_wconf 66' lang='lat' dir='ltr'>saetosa·</span> <span class='ocrx_word' id='word_1_422' title='bbox 813 4842 985 4941; x_wconf 62' lang='lat' dir='ltr'>aemonae,</span> <span class='ocrx_word' id='word_1_423' title='bbox 1009 4841 1106 4939; x_wconf 60' lang='lat' dir='ltr'>vetem</span> <span class='ocrx_word' id='word_1_424' title='bbox 1123 4822 1281 4896; x_wconf 55' lang='lat' dir='ltr'>sanemus</span> <span class='ocrx_word' id='word_1_425' title='bbox 1292 4842 1472 4939; x_wconf 68' lang='lat' dir='ltr'>nesciamus</span> <span class='ocrx_word' id='word_1_426' title='bbox 1514 4845 1627 4898; x_wconf 71' lang='lat' dir='ltr'>cenem</span> <span class='ocrx_word' id='word_1_427' title='bbox 1646 4860 1671 4899; x_wconf 71' lang='lat' dir='ltr'>s</span> <span class='ocrx_word' id='word_1_428' title='bbox 1687 4844 1721 4899; x_wconf 89' lang='lat' dir='ltr'>o.</span> <span class='ocrx_word' id='word_1_429' title='bbox 1739 4843 1771 4898; x_wconf 92' lang='lat' dir='ltr'>c.</span> <span class='ocrx_word' id='word_1_430' title='bbox 1787 4843 1848 4900; x_wconf 86' lang='lat' dir='ltr'>ose.</span> <span class='ocrx_word' id='word_1_431' title='bbox 1868 4860 1892 4900; x_wconf 81' lang='grc' dir='ltr'>ι.</span> <span class='ocrx_word' id='word_1_432' title='bbox 1907 4829 1951 4901; x_wconf 86' lang='lat' dir='ltr'>es.</span> <span class='ocrx_word' id='word_1_433' title='bbox 1973 4849 2001 4899; x_wconf 81' lang='lat' dir='ltr'>a</span> <span class='ocrx_word' id='word_1_434' title='bbox 2023 4861 2049 4900; x_wconf 71' lang='lat' dir='ltr'>a.</span> <span class='ocrx_word' id='word_1_435' title='bbox 2065 4846 2099 4899; x_wconf 85' lang='lat' dir='ltr'>o.</span> <span class='ocrx_word' id='word_1_436' title='bbox 2117 4844 2150 4900; x_wconf 87' lang='lat' dir='ltr'>c.</span> <span class='ocrx_word' id='word_1_437' title='bbox 2165 4846 2227 4903; x_wconf 79' lang='lat' dir='ltr'>cra.</span> <span class='ocrx_word' id='word_1_438' title='bbox 2244 4863 2267 4900; x_wconf 69' lang='lat' dir='ltr'>e</span> <span class='ocrx_word' id='word_1_439' title='bbox 2283 4847 2328 4901; x_wconf 85' lang='lat' dir='ltr'>er.</span> <span class='ocrx_word' id='word_1_440' title='bbox 2349 4851 2377 4900; x_wconf 79' lang='grc' dir='ltr'><em>α</em></span> <span class='ocrx_word' id='word_1_441' title='bbox 2396 4843 2444 4902; x_wconf 75' lang='lat' dir='ltr'>eut</span> <span class='ocrx_word' id='word_1_442' title='bbox 2457 4861 2494 4903; x_wconf 71' lang='grc' dir='ltr'><strong><em>ω</em></strong></span> 
     </span>
     <span class='ocr_line' id='line_1_36' title="bbox 498 4926 2496 5105; baseline 0.003 -25"><span class='ocrx_word' id='word_1_443' title='bbox 498 4926 1474 5105; x_wconf 54' lang='grc' dir='ltr'>καῖεν’.λακκαῖαεκεαρῑτααῑεὶσε</span> <span class='ocrx_word' id='word_1_444' title='bbox 1502 4929 1970 5082; x_wconf 68' lang='lat' dir='ltr'>camelum</span> <span class='ocrx_word' id='word_1_445' title='bbox 1983 4931 2496 5085; x_wconf 55' lang='lat' dir='ltr'>tassltsmhtth</span> 
     </span>
     <span class='ocr_line' id='line_1_37' title="bbox 497 5091 2496 5167; baseline -0.003 -7"><span class='ocrx_word' id='word_1_446' title='bbox 497 5110 574 5164; x_wconf 83' lang='lat' dir='ltr'>Lihr.</span> <span class='ocrx_word' id='word_1_447' title='bbox 590 5106 624 5159; x_wconf 88' lang='lat'>11.</span> <span class='ocrx_word' id='word_1_448' title='bbox 641 5117 664 5156; x_wconf 89' lang='lat' dir='ltr'>c.</span> <span class='ocrx_word' id='word_1_449' title='bbox 681 5100 724 5153; x_wconf 75' lang='lat' dir='ltr'>tu</span> <span class='ocrx_word' id='word_1_450' title='bbox 741 5097 768 5166; x_wconf 62' lang='grc' dir='ltr'>ς.</span> <span class='ocrx_word' id='word_1_451' title='bbox 786 5099 847 5152; x_wconf 78' lang='lat' dir='ltr'>las.</span> <span class='ocrx_word' id='word_1_452' title='bbox 880 5097 948 5149; x_wconf 88' lang='lat' dir='ltr'>Eum</span> <span class='ocrx_word' id='word_1_453' title='bbox 964 5096 1090 5147; x_wconf 82' lang='lat' dir='ltr'>Lucullus</span> <span class='ocrx_word' id='word_1_454' title='bbox 1107 5106 1181 5165; x_wconf 78' lang='grc' dir='ltr'>παση</span> <span class='ocrx_word' id='word_1_455' title='bbox 1193 5095 1302 5165; x_wconf 75' lang='grc' dir='ltr'><strong><em>σπουδῇ</em></strong></span> <span class='ocrx_word' id='word_1_456' title='bbox 1320 5091 1474 5163; x_wconf 78' lang='grc' dir='ltr'><strong><em>ποιησάμε-</em></strong></span> <span class='ocrx_word' id='word_1_457' title='bbox 1513 5101 1544 5150; x_wconf 90' lang='lat' dir='ltr'>ut</span> <span class='ocrx_word' id='word_1_458' title='bbox 1560 5096 1617 5166; x_wconf 89' lang='lat' dir='ltr'>ipse</span> <span class='ocrx_word' id='word_1_459' title='bbox 1630 5097 1726 5150; x_wconf 83' lang='lat' dir='ltr'>Cicero</span> <span class='ocrx_word' id='word_1_460' title='bbox 1739 5098 1832 5150; x_wconf 87' lang='lat' dir='ltr'>scribit</span> <span class='ocrx_word' id='word_1_461' title='bbox 1842 5098 1970 5153; x_wconf 70' lang='lat' dir='ltr'>hosdem.</span> <span class='ocrx_word' id='word_1_462' title='bbox 1986 5099 2061 5154; x_wconf 85' lang='lat' dir='ltr'>Lihr.</span> <span class='ocrx_word' id='word_1_463' title='bbox 2078 5100 2112 5153; x_wconf 89' lang='lat' dir='ltr'>ll.</span> <span class='ocrx_word' id='word_1_464' title='bbox 2129 5115 2153 5153; x_wconf 90' lang='lat' dir='ltr'>c.</span> <span class='ocrx_word' id='word_1_465' title='bbox 2169 5099 2212 5152; x_wconf 77' lang='lat' dir='ltr'>cc</span> <span class='ocrx_word' id='word_1_466' title='bbox 2231 5097 2335 5167; x_wconf 59' lang='grc' dir='ltr'>ΜΠ»,</span> <span class='ocrx_word' id='word_1_467' title='bbox 2351 5114 2388 5167; x_wconf 76' lang='lat' dir='ltr'>„c</span> <span class='ocrx_word' id='word_1_468' title='bbox 2403 5113 2496 5167; x_wconf 77' lang='lat' dir='ltr'>puero</span> 
     </span>
     <span class='ocr_line' id='line_1_38' title="bbox 498 5174 2497 5261; baseline -0.003 -19"><span class='ocrx_word' id='word_1_469' title='bbox 498 5209 547 5253; x_wconf 65' lang='lat' dir='ltr'>rog</span> <span class='ocrx_word' id='word_1_470' title='bbox 564 5192 649 5261; x_wconf 77' lang='grc' dir='ltr'><strong><em>φίλον</em></strong></span> <span class='ocrx_word' id='word_1_471' title='bbox 666 5182 714 5238; x_wconf 77' lang='lat' dir='ltr'>sul</span> <span class='ocrx_word' id='word_1_472' title='bbox 731 5174 902 5251; x_wconf 68' lang='grc' dir='ltr'>συμβιωτὴν,</span> <span class='ocrx_word' id='word_1_473' title='bbox 918 5185 948 5232; x_wconf 90' lang='lat' dir='ltr'>ut</span> <span class='ocrx_word' id='word_1_474' title='bbox 964 5179 1003 5232; x_wconf 82' lang='lat' dir='ltr'>ait</span> <span class='ocrx_word' id='word_1_475' title='bbox 1018 5178 1175 5233; x_wconf 75' lang='lat' dir='ltr'>Plutarchus</span> <span class='ocrx_word' id='word_1_476' title='bbox 1198 5196 1221 5234; x_wconf 86' lang='lat' dir='ltr'>c·</span> <span class='ocrx_word' id='word_1_477' title='bbox 1238 5180 1297 5248; x_wconf 64' lang='grc' dir='ltr'>λλ,</span> <span class='ocrx_word' id='word_1_478' title='bbox 1315 5181 1387 5234; x_wconf 91' lang='lat' dir='ltr'>domi</span> <span class='ocrx_word' id='word_1_479' title='bbox 1403 5179 1474 5234; x_wconf 87' lang='lat' dir='ltr'>mili-</span> <span class='ocrx_word' id='word_1_480' title='bbox 1515 5181 1619 5245; x_wconf 81' lang='lat' dir='ltr'>sudiri3</span> <span class='ocrx_word' id='word_1_481' title='bbox 1637 5181 1682 5250; x_wconf 90' lang='lat' dir='ltr'>qni</span> <span class='ocrx_word' id='word_1_482' title='bbox 1698 5197 1801 5234; x_wconf 87' lang='lat' dir='ltr'>meeum</span> <span class='ocrx_word' id='word_1_483' title='bbox 1818 5181 1885 5236; x_wconf 82' lang='lat' dir='ltr'>vivit</span> <span class='ocrx_word' id='word_1_484' title='bbox 1899 5187 1939 5236; x_wconf 91' lang='lat' dir='ltr'>tot</span> <span class='ocrx_word' id='word_1_485' title='bbox 1956 5198 2054 5248; x_wconf 84' lang='lat' dir='ltr'>snncs;</span> <span class='ocrx_word' id='word_1_486' title='bbox 2072 5182 2118 5251; x_wconf 87' lang='lat' dir='ltr'>qui</span> <span class='ocrx_word' id='word_1_487' title='bbox 2133 5182 2237 5239; x_wconf 81' lang='lat' dir='ltr'>habitat</span> <span class='ocrx_word' id='word_1_488' title='bbox 2251 5183 2325 5252; x_wconf 79' lang='lat' dir='ltr'>apud</span> <span class='ocrx_word' id='word_1_489' title='bbox 2335 5198 2393 5248; x_wconf 79' lang='lat' dir='ltr'>me3</span> <span class='ocrx_word' id='word_1_490' title='bbox 2411 5188 2497 5253; x_wconf 72' lang='lat' dir='ltr'>qun</span> 
     </span>
     <span class='ocr_line' id='line_1_39' title="bbox 486 5263 1844 5345; baseline -0.009 -13"><span class='ocrx_word' id='word_1_491' title='bbox 486 5279 606 5345; x_wconf 57' lang='lat' dir='ltr'>uaeque</span> <span class='ocrx_word' id='word_1_492' title='bbox 621 5287 712 5326; x_wconf 84' lang='lat' dir='ltr'>secum</span> <span class='ocrx_word' id='word_1_493' title='bbox 727 5267 856 5321; x_wconf 81' lang='lat' dir='ltr'>hahebat:</span> <span class='ocrx_word' id='word_1_494' title='bbox 872 5263 908 5318; x_wconf 83' lang='lat' dir='ltr'>cl·</span> <span class='ocrx_word' id='word_1_495' title='bbox 925 5265 1093 5319; x_wconf 86' lang='lat' dir='ltr'>Dmmannus</span> <span class='ocrx_word' id='word_1_496' title='bbox 1108 5263 1138 5316; x_wconf 90' lang='lat' dir='ltr'>in</span> <span class='ocrx_word' id='word_1_497' title='bbox 1153 5266 1254 5321; x_wconf 88' lang='lat' dir='ltr'>Histor.</span> <span class='ocrx_word' id='word_1_498' title='bbox 1267 5268 1345 5320; x_wconf 84' lang='lat' dir='ltr'>Rom.</span> <span class='ocrx_word' id='word_1_499' title='bbox 1355 5266 1470 5320; x_wconf 80' lang='lat' dir='ltr'>Vollv.</span> <span class='ocrx_word' id='word_1_500' title='bbox 1510 5270 1539 5321; x_wconf 85' lang='lat' dir='ltr'>et</span> <span class='ocrx_word' id='word_1_501' title='bbox 1554 5266 1673 5319; x_wconf 84' lang='lat' dir='ltr'>admiror</span> <span class='ocrx_word' id='word_1_502' title='bbox 1688 5271 1716 5319; x_wconf 85' lang='lat' dir='ltr'>et</span> <span class='ocrx_word' id='word_1_503' title='bbox 1731 5265 1844 5334; x_wconf 60' lang='lat' dir='ltr'>diligof‘</span> 
     </span>
     <span class='ocr_line' id='line_1_40' title="bbox 499 5348 2497 5436; baseline -0.003 -21"><span class='ocrx_word' id='word_1_504' title='bbox 499 5379 534 5434; x_wconf 73' lang='lat' dir='ltr'>p:</span> <span class='ocrx_word' id='word_1_505' title='bbox 545 5361 605 5415; x_wconf 78' lang='lat' dir='ltr'>trs.</span> <span class='ocrx_word' id='word_1_506' title='bbox 621 5358 657 5411; x_wconf 85' lang='lat' dir='ltr'>N.</span> <span class='ocrx_word' id='word_1_507' title='bbox 669 5356 766 5436; x_wconf 65' lang='lat'>⁹⁸2*</span> <span class='ocrx_word' id='word_1_508' title='bbox 781 5352 868 5404; x_wconf 74' lang='lat' dir='ltr'>Arses</span> <span class='ocrx_word' id='word_1_509' title='bbox 890 5353 932 5403; x_wconf 86' lang='lat' dir='ltr'>est</span> <span class='ocrx_word' id='word_1_510' title='bbox 949 5348 997 5401; x_wconf 86' lang='lat' dir='ltr'>ille</span> <span class='ocrx_word' id='word_1_511' title='bbox 1011 5349 1209 5403; x_wconf 79' lang='lat' dir='ltr'>Alexandrinus</span> <span class='ocrx_word' id='word_1_512' title='bbox 1224 5349 1413 5420; x_wconf 86' lang='lat' dir='ltr'>philosophus,</span> <span class='ocrx_word' id='word_1_513' title='bbox 1436 5350 1471 5403; x_wconf 89' lang='lat' dir='ltr'>de</span> <span class='ocrx_word' id='word_1_514' title='bbox 1582 5349 1645 5418; x_wconf 76' lang='lat' dir='ltr'>Illo)</span> <span class='ocrx_word' id='word_1_515' title='bbox 1662 5351 1723 5404; x_wconf 84' lang='lat' dir='ltr'>Vid·</span> <span class='ocrx_word' id='word_1_516' title='bbox 1737 5352 1888 5404; x_wconf 84' lang='lat' dir='ltr'>Bruckerns</span> <span class='ocrx_word' id='word_1_517' title='bbox 1904 5350 1975 5405; x_wconf 85' lang='lat' dir='ltr'>Hist.</span> <span class='ocrx_word' id='word_1_518' title='bbox 1993 5349 2059 5406; x_wconf 80' lang='lat' dir='ltr'>eric</span> <span class='ocrx_word' id='word_1_519' title='bbox 2071 5350 2173 5405; x_wconf 83' lang='lat' dir='ltr'>Philon·</span> <span class='ocrx_word' id='word_1_520' title='bbox 2185 5351 2259 5404; x_wconf 78' lang='lat' dir='ltr'>Lihr.</span> <span class='ocrx_word' id='word_1_521' title='bbox 2270 5350 2292 5404; x_wconf 92' lang='lat'>1.</span> <span class='ocrx_word' id='word_1_522' title='bbox 2310 5367 2334 5405; x_wconf 83' lang='lat' dir='ltr'>c·</span> <span class='ocrx_word' id='word_1_523' title='bbox 2345 5351 2371 5405; x_wconf 89' lang='lat'>1.</span> <span class='ocrx_word' id='word_1_524' title='bbox 2384 5348 2452 5420; x_wconf 69' lang='grc' dir='ltr'>Μ.</span> <span class='ocrx_word' id='word_1_525' title='bbox 2463 5351 2497 5410; x_wconf 73' lang='lat'>0·</span> 
     </span>
     <span class='ocr_line' id='line_1_41' title="bbox 500 5432 2500 5518; baseline -0.003 -18"><span class='ocrx_word' id='word_1_526' title='bbox 500 5461 554 5518; x_wconf 91' lang='lat' dir='ltr'>quo</span> <span class='ocrx_word' id='word_1_527' title='bbox 575 5442 648 5497; x_wconf 77' lang='lat' dir='ltr'>iulus</span> <span class='ocrx_word' id='word_1_528' title='bbox 669 5440 802 5507; x_wconf 84' lang='lat' dir='ltr'>dicemus,</span> <span class='ocrx_word' id='word_1_529' title='bbox 823 5451 901 5504; x_wconf 88' lang='lat' dir='ltr'>quem</span> <span class='ocrx_word' id='word_1_530' title='bbox 921 5433 1005 5502; x_wconf 88' lang='lat' dir='ltr'>ipsim</span> <span class='ocrx_word' id='word_1_531' title='bbox 1026 5432 1142 5500; x_wconf 68' lang='lat' dir='ltr'>August</span> <span class='ocrx_word' id='word_1_532' title='bbox 1161 5433 1395 5488; x_wconf 76' lang='lat' dir='ltr'>familiarissimum</span> <span class='ocrx_word' id='word_1_533' title='bbox 1417 5451 1474 5489; x_wconf 93' lang='lat' dir='ltr'>non</span> <span class='ocrx_word' id='word_1_534' title='bbox 1515 5435 1701 5504; x_wconf 64' lang='lat' dir='ltr'>wsqq-</span> <span class='ocrx_word' id='word_1_535' title='bbox 1717 5435 1825 5490; x_wconf 78' lang='lat' dir='ltr'>Stoicae</span> <span class='ocrx_word' id='word_1_536' title='bbox 1837 5434 2023 5505; x_wconf 82' lang='lat' dir='ltr'>philoeophiae</span> <span class='ocrx_word' id='word_1_537' title='bbox 2032 5436 2149 5490; x_wconf 84' lang='lat' dir='ltr'>studium</span> <span class='ocrx_word' id='word_1_538' title='bbox 2167 5436 2294 5490; x_wconf 77' lang='lat' dir='ltr'>Romsnis</span> <span class='ocrx_word' id='word_1_539' title='bbox 2310 5436 2500 5494; x_wconf 72' lang='lat' dir='ltr'>maximsl’s·</span> 
     </span>
    </p>
   </div>
   <div class='ocr_carea' id='block_1_5' title="bbox 500 5517 2500 5679">
    <p class='ocr_par' dir='ltr' id='par_1_5' title="bbox 500 5517 2500 5679">
     <span class='ocr_line' id='line_1_42' title="bbox 500 5517 2500 5589; baseline -0.003 -5"><span class='ocrx_word' id='word_1_540' title='bbox 500 5527 655 5584; x_wconf 78' lang='lat' dir='ltr'>nritsbirnur</span> <span class='ocrx_word' id='word_1_541' title='bbox 671 5525 751 5577; x_wconf 82' lang='lat' dir='ltr'>etiam</span> <span class='ocrx_word' id='word_1_542' title='bbox 766 5537 827 5576; x_wconf 88' lang='lat' dir='ltr'>cnm</span> <span class='ocrx_word' id='word_1_543' title='bbox 836 5521 993 5574; x_wconf 75' lang='lat' dir='ltr'>Maecenate</span> <span class='ocrx_word' id='word_1_544' title='bbox 1003 5517 1086 5572; x_wconf 85' lang='lat' dir='ltr'>luisse</span> <span class='ocrx_word' id='word_1_545' title='bbox 1094 5518 1270 5585; x_wconf 85' lang='lat' dir='ltr'>conjunctum.</span> <span class='ocrx_word' id='word_1_546' title='bbox 1280 5544 1316 5557; x_wconf 89' lang='lat'>·-</span> <span class='ocrx_word' id='word_1_547' title='bbox 1330 5519 1385 5573; x_wconf 87' lang='lat' dir='ltr'>Pro</span> <span class='ocrx_word' id='word_1_548' title='bbox 1391 5519 1475 5587; x_wconf 78' lang='lat' dir='ltr'>Apot-</span> <span class='ocrx_word' id='word_1_549' title='bbox 1516 5520 1599 5574; x_wconf 80' lang='lat' dir='ltr'>metii</span> <span class='ocrx_word' id='word_1_550' title='bbox 1617 5520 1690 5574; x_wconf 80' lang='lat' dir='ltr'>turns</span> <span class='ocrx_word' id='word_1_551' title='bbox 1705 5525 1733 5573; x_wconf 86' lang='lat' dir='ltr'>st</span> <span class='ocrx_word' id='word_1_552' title='bbox 1746 5519 1903 5573; x_wconf 78' lang='lat' dir='ltr'>anctoritate</span> <span class='ocrx_word' id='word_1_553' title='bbox 1915 5521 2126 5573; x_wconf 83' lang='lat' dir='ltr'>commendatum</span> <span class='ocrx_word' id='word_1_554' title='bbox 2136 5520 2234 5589; x_wconf 73' lang='lat' dir='ltr'>luhse,</span> <span class='ocrx_word' id='word_1_555' title='bbox 2252 5520 2371 5576; x_wconf 71' lang='lat' dir='ltr'>ostendst</span> <span class='ocrx_word' id='word_1_556' title='bbox 2381 5522 2500 5580; x_wconf 68' lang='lat' dir='ltr'>runs-</span> 
     </span>
     <span class='ocr_line' id='line_1_43' title="bbox 501 5601 2483 5679; baseline -0.003 -10"><span class='ocrx_word' id='word_1_557' title='bbox 501 5614 575 5669; x_wconf 81' lang='lat' dir='ltr'>loato</span> <span class='ocrx_word' id='word_1_558' title='bbox 592 5609 737 5673; x_wconf 57' lang='lat' dir='ltr'>Molonis„</span> <span class='ocrx_word' id='word_1_559' title='bbox 746 5604 856 5662; x_wconf 80' lang='lat' dir='ltr'>rhetore</span> <span class='ocrx_word' id='word_1_560' title='bbox 871 5601 994 5673; x_wconf 79' lang='lat' dir='ltr'>Rhodio,</span> <span class='ocrx_word' id='word_1_561' title='bbox 1014 5602 1060 5658; x_wconf 86' lang='lat' dir='ltr'>cui</span> <span class='ocrx_word' id='word_1_562' title='bbox 1074 5603 1172 5658; x_wconf 81' lang='lat' dir='ltr'>Cicero</span> <span class='ocrx_word' id='word_1_563' title='bbox 1187 5603 1291 5660; x_wconf 70' lang='lat' dir='ltr'>eom·</span> <span class='ocrx_word' id='word_1_564' title='bbox 1306 5603 1349 5660; x_wconf 80' lang='lat' dir='ltr'>bis</span> <span class='ocrx_word' id='word_1_565' title='bbox 1365 5601 1477 5673; x_wconf 79' lang='lat' dir='ltr'>operam</span> <span class='ocrx_word' id='word_1_566' title='bbox 1519 5619 1631 5659; x_wconf 77' lang='lat' dir='ltr'>mannus</span> <span class='ocrx_word' id='word_1_567' title='bbox 1644 5604 1674 5660; x_wconf 81' lang='lat' dir='ltr'>In</span> <span class='ocrx_word' id='word_1_568' title='bbox 1684 5603 1760 5659; x_wconf 68' lang='lat' dir='ltr'>littra</span> <span class='ocrx_word' id='word_1_569' title='bbox 1778 5603 1928 5658; x_wconf 71' lang='grc' dir='ltr'><strong><em>θοεολλελεε</em></strong></span> <span class='ocrx_word' id='word_1_570' title='bbox 1943 5606 1992 5660; x_wconf 78' lang='lat' dir='ltr'>cler</span> <span class='ocrx_word' id='word_1_571' title='bbox 2004 5604 2169 5673; x_wconf 64' lang='lat' dir='ltr'>amamus</span> <span class='ocrx_word' id='word_1_572' title='bbox 2181 5606 2262 5666; x_wconf 74' lang='lat' dir='ltr'>Tum.</span> <span class='ocrx_word' id='word_1_573' title='bbox 2273 5606 2305 5663; x_wconf 78' lang='lat' dir='ltr'>V·</span> <span class='ocrx_word' id='word_1_574' title='bbox 2314 5603 2408 5678; x_wconf 68' lang='lat' dir='ltr'>pilu</span> <span class='ocrx_word' id='word_1_575' title='bbox 2417 5622 2483 5679; x_wconf 68' lang='lat' dir='ltr'>sqq</span> 
     </span>
    </p>
   </div>
   <div class='ocr_carea' id='block_1_6' title="bbox 0 0 2864 6567">
    <p class='ocr_par' dir='ltr' id='par_1_6' title="bbox 0 0 2864 6567">
     <span class='ocr_line' id='line_1_44' title="bbox 0 0 2864 6567; baseline 0 0"><span class='ocrx_word' id='word_1_576' title='bbox 0 0 2864 6567; x_wconf 95' lang='lat' dir='ltr'> </span> 
     </span>
    </p>
   </div>
  </div>
 </body>
</html>
