5717 6575
1034 619 1267 704 PUliltl'l'lA,
1287 617 1533 689 lisolsrlus
1554 619 1613 689 AC
1634 619 1823 689 STUDllS.
2370 629 2422 703 43

423 813 500 893 bile
530 817 585 888 est
613 808 748 885 factum
779 833 860 884 esse
893 807 1031 885 circiter
1056 833 1089 885 a.
1113 809 1160 887 U.
1184 807 1227 885 C.
1247 811 1335 887 684.
1358 833 1391 884 s.
1414 813 1479 887 70.
1528 806 1611 887 Jarn
1630 807 1739 903 Cato,
1769 814 1892 882 exacta
1924 808 2046 883 militia
2069 807 2317 907 hlaeedonica,
2353 812 2423 889 iter
2519 828 2521 833 ’

423 932 513 1011 fecit
534 956 601 1032 per
626 930 763 1024 Asiam,
785 953 808 1001 a
831 928 1019 1003 Plutarcho
1044 953 1075 1003 c.
1103 933 1282 1019 12-16.
1306 928 1453 1029 copioso
1476 927 1704 1029 descriptum,
1727 927 1766 1002 in
1791 954 1860 1029 quo
1885 926 2108 1005 hauddubie
2130 930 2421 1032 peregrinationis
2462 944 2465 950 '

424 1051 590 1131 comitem
610 1048 753 1125 haberet
773 1046 1042 1127 Athenodorum
1064 1047 1186 1147 illum,
1213 1055 1251 1124 et
1273 1047 1426 1124 Romam
1448 1046 1592 1127 demum
1619 1049 1760 1124 venisse
1784 1072 1866 1125 cum
1887 1070 1933 1125 ¹oo
1956 1045 2098 1124 ridetur
2118 1046 2186 1124 sub
2213 1056 2423 1127 autumnum

424 1166 970 1266 &U.G.688.s.66.⁰⁰)‘
1477 1184 1479 1191 '
2378 1171 2419 1255 ,’

577 1287 622 1362 In
645 1286 779 1363 Urbem
801 1310 962 1361 seramus
980 1284 1076 1378 ‚caro
1100 1309 1206 1361 omne
1230 1291 1372 1386 tempus
1393 1283 1600 1363 traducebat
1626 1294 1687 1361 sut
1712 1284 1806 1361 domi
1826 1283 2053 1361 Athenodoro
2078 1293 2140 1360 aut
2164 1285 2300 1363 infore
2329 1288 2422 1394 ami-

427 1408 479 1485 ‹a's
500 1431 653 1501 vacans,
680 1414 721 1482 ut
744 1405 793 1478 ait
814 1406 1022 1481 Plutarchus
1045 1431 1075 1479 o.
1102 1409 1162 1484 16.
1185 1446 1239 1463 -
1263 1405 1443 1506 Diogenes
1462 1403 1860 1481 heniochorum
1885 1405 2009 1507 chm.
2027 1409 2090 1480 34.
2114 1403 2236 1499 refert,
2258 1390 2420 1483 Atheno-

426 1524 555 1601 dorum
575 1523 764 1627 quemdam
787 1522 966 1620 Stoicum,
988 1521 1046 1599 cui
1070 1525 1258 1599 commissa
1280 1524 1403 1599 fuisset
1425 1496 1656 1601 bibliothecae
1677 1525 1920 1625 Pergamenae
1945 1522 2116 1618 custodia,
2140 1548 2189 1598 ex
2208 1523 2307 1601 libris
2319 1526 2421 1603 Stoi·

427 1670 551 1721 corum
574 1645 729 1719 erasisse
752 1669 794 1718 oo
816 1642 989 1749 delevisse
1017 1667 1258 1745 quaecmqua
1282 1643 1352 1744 ipsi
1374 1641 1674 1744 displicuissent·
1699 1642 1743 1717 Id
1768 1642 1877 1718 tradit
1903 1643 2084 1743 Diogenes
2120 1668 2168 1717 ex
2198 1640 2271 1719 fide
2294 1654 2330 1721 et
2353 1672 2421 1721 ou·

426 1765 586 1840 ctoritme
607 1769 761 1857 Isidori,
782 1763 931 1837 rhetoris
953 1762 1186 1862 Pergameni,
1211 1746 1709 1864 quipraetcreaaddiderat,
1743 1765 1902 1839 emessa
1927 1762 1990 1835 illa
2013 1786 2140 1837 rursus
2164 1762 2264 1837 libris
2288 1763 2421 1841 inserts

424 1907 533 1979 esse,
553 1879 802 1981 φωραθέντος
826 1886 896 1954 τοῦ
916 1875 1188 1978 Ἀθηνοδώρου
1214 1879 1281 1957 καὶ
1303 1875 1635 1963 κινδυνεύσαντος.
1686 1878 1768 1957 Jam
1789 1878 2058 1957 Athenodorum
2077 1877 2178 1955 illum
2198 1880 2293 1956 baud
2317 1886 2421 1983 ponci

430 2002 509 2077 sine
531 2003 603 2076 ulla
625 1999 840 2075 dubitatione
863 1996 986 2073 dicunt
1007 1997 1119 2073 fuisse
1143 1999 1413 2096 Cordyhonom,
1439 1998 1584 2074 Catonis
1612 2001 1782 2076 amicum:
1818 2000 1863 2077 ol.
1890 1999 2059 2074 Bructeri
2083 1999 2172 2076 Hist.
2196 1999 2281 2076 cst.
2298 2004 2421 2080 Philo-

431 2119 536 2219 soph.
560 2119 667 2195 Tom.
691 2116 803 2217 lup.
830 2122 892 2193 54.
917 2117 1002 2193 Not.
1025 2114 1061 2191 b.
1109 2116 1158 2192 Id
1183 2120 1215 2195 si
1237 2144 1364 2209 verum
1387 2125 1462 2214 est,
1485 2125 1527 2192 ut
1555 2119 1642 2193 milri
1666 2143 1806 2220 quoque
1833 2117 1994 2212 videtur,
2029 2119 2109 2191 licet
2133 2119 2312 2217 concludi,
2337 2148 2420 2200 eum

426 2241 467 2317 iu
486 2236 648 2313 facinore
668 2237 740 2311 isto
763 2234 982 2336 deprensum
1006 2259 1048 2309 ac
1069 2235 1298 2313 bibliothecae
1318 2262 1402 2312 eura
1428 2261 1470 2310 ac
1495 2262 1644 2311 munere
1666 2245 1854 2330 remotum,
1872 2237 2047 2337 Pergamo
2072 2237 2207 2332 relicta,
2230 2237 2270 2314 in
2294 2265 2419 2343 agrurn
2485 2305 2488 2312 .

425 2357 616 2435 messuisse
642 2356 724 2431 urbi
745 2355 902 2429 vicinum
927 2363 1034 2453 atque
1057 2350 1313 2452 διατρίβονταΙ
1337 2352 1422 2452 περὶ
1451 2352 1678 2456 Πέργαμον,
1713 2363 1756 2430 ut
1785 2357 1835 2429 ait
1857 2355 2092 2450 Plutarchus„
2119 2355 2303 2433 scarane
2333 2361 2420 2438 inde

426 2478 466 2552 iu
490 2481 606 2551 castra
623 2472 852 2550 Macedonica
876 2472 1065 2547 abductum
1087 2498 1176 2549 esse.
1227 2473 1348 2571 Quum
1374 2475 1432 2549 ille
1456 2474 1600 2549 Catonis
1625 2499 1742 2548 comcs
1766 2498 1808 2547 ae
1834 2473 2018 2549 familiaris
2040 2473 2156 2551 factus
2179 2501 2259 2552 esso
2281 2477 2418 2556 dicotur

428 2618 453 2670 a
473 2592 661 2670 Plutarcho
682 2588 758 2687 ἤδη
781 2589 934 2694 γηραιὸς
959 2588 1035 2677 ὢν,
1062 2599 1115 2687 et,
1141 2591 1319 2666 Strabone
1342 2598 1452 2688 teste,
1479 2600 1641 2667 mortuus
1673 2594 1719 2667 sit
1741 2591 1877 2669 Rornae
1900 2594 1937 2667 in
1962 2591 2067 2666 domo
2095 2593 2260 2689 Catonis3
2293 2623 2419 2675 cousc-

429 2738 541 2813 quens
564 2712 634 2787 crit
654 2719 823 2805 statuere,
844 2711 939 2785 hunc
960 2708 1227 2813 Athenodorum
1249 2713 1318 2785 vita
1343 2708 1545 2786 defunctum
1562 2736 1640 2785 essa
1663 2718 1760 2786 certe
1787 2720 1869 2785 ante
1894 2736 2024 2810 annum
2046 2713 2092 2786 U.
2121 2711 2163 2788 C.
2188 2718 2277 2793 706.
2299 2741 2329 2792 s.
2354 2723 2417 2797 48.

428 2833 566 2907 Romae
587 2830 696 2932 igitur
717 2854 801 2903 erun
825 2855 891 2929 per
914 2831 1036 2930 plures
1061 2853 1173 2905 annos
1197 2836 1376 2906 versatum
1399 2854 1499 2925 esse,
1520 2829 1664 2905 evidens
1686 2837 1742 2906 est
1767 2854 1808 2905 ac
1830 2838 1976 2905 certum.
2028 2828 2239 2929 Quaeritur,
2265 2833 2419 2913 fueritne

428 2951 487 3027 illo
511 2950 655 3049 Catonis
678 2950 854 3023 convictor
879 2957 914 3024 et
938 2950 1073 3024 sunaus
1091 2948 1258 3024 Ciceroni.
1273 2974 1413 3050 quoquo
1436 2949 1599 3049 cognitus
1622 2957 1658 3023 et
1683 2951 1802 3050 aliqua
1822 2974 1903 3023 cum
1929 2974 1972 3023 co
1996 2949 2246 3027 consuetudine
2270 2958 2417 3053 conjun-

424 3076 527 3165 ctus,
548 3069 755 3169 praesertim
775 3094 856 3143 cum
880 3068 1020 3167 scriptis
1043 3068 1147 3141 ctiam
1171 3067 1304 3142 dicatur
1324 3063 1606 3162 nnotussei’ffl)
1649 3068 1948 3144 Pcrlustrantibus
1973 3076 2090 3141 autem
2112 3068 2215 3144 nobis
2238 3069 2416 3173 Tulliana,
2464 3074 2470 3087 '

431 3212 525 3289 qnae
549 3194 764 3286 supersunt,
799 3211 907 3286 opera
944 3187 1103 3275 occurrit,
1119 3185 1367 3261 Athenodorus
1398 3183 1541 3288 quidam
1564 3186 1728 3283 Stoicus,
1757 3185 1803 3262 de
1833 3176 1902 3288 quo
1930 3184 1976 3259 ad
2006 3186 2164 3263 Atticum
2187 3188 2288 3266 Libr.
2313 3194 2417 3274 XVI.

428 3307 546 3408 Epist
574 3314 635 3384 ll.
658 3317 691 3398 ς.
716 3312 755 3384 4.
780 3306 920 3382 scribite
952 3305 1078 3401 ,Eum
1109 3310 1227 3381 locum
1259 3305 1474 3382 Posidonius
1508 3315 1715 3407 persecutus
1747 3316 1814 3385 est.
1864 3305 1948 3408 Ego‘
1975 3315 2096 3382 autem
2128 3314 2165 3381 et
2187 3314 2266 3409 ejus
2288 3311 2416 3392 librum

429 3426 596 3502 mocssivi
625 3433 662 3500 et
692 3424 737 3498 ad
758 3429 1028 3502 Athenodorum
1057 3432 1207 3502 caleam
1227 3426 1370 3526 scripsi,
1405 3434 1449 3501 ut
1468 3423 1591 3524 adme
1614 3421 1663 3500 ταὶ
1688 3422 1876 3524 κεφάλαια
1899 3403 2070 3518 ndttcret3
2103 3452 2195 3525 quae
2213 3443 2417 3533 ¹exspecter

428 3570 536 3647 mem
560 3546 667 3620 velim
689 3544 870 3618 cohortere
893 3550 1075 3644 etroges,
1099 3551 1265 3645 utquam
1291 3546 1483 3645 primum.“
1532 3544 1570 3618 Is
1598 3544 1868 3641 Athenodorus,
1903 3546 2062 3645 quisquis
2097 3546 2191 3640 fuit,
2221 3547 2415 3651 Posidonii,

324 3709 329 3716 ·
428 3671 475 3740 ut
495 3661 657 3758 videtum,
682 3660 840 3757 auditor,
866 3660 1019 3769 dubitari
1040 3689 1110 3737 non
1136 3671 1252 3763 potest
1267 3664 1355 3763 quin
1374 3663 1574 3739 aGicorono
1593 3688 1656 3764 per
1672 3662 1795 3738 ludum
1812 3663 2001 3765 quemdam
2019 3664 2229 3739 familiarem
2244 3676 2281 3743 et
2296 3668 2415 3771 jocum

431 3790 563 3862 volvus
588 3784 850 3885 cognominatus
873 3782 963 3855 sita
989 3782 1143 3877 calvitie,
1168 3808 1238 3882 quo
1261 3808 1344 3858 eum
1365 3782 1505 3856 citerius
1527 3790 1706 3858 senectuto
1726 3786 1948 3885 praesignem
1973 3783 2082 3857 fuisse
2101 3782 2268 3861 credibile
2282 3793 2414 3891 estre)

428 3904 470 3978 in
491 3928 577 3976 seno
600 3904 693 3976 enim
716 3899 811 3976 istud
831 3925 1024 4001 cognomen
1048 3901 1135 3974 nibil
1157 3901 1301 3975 haberet
1323 3901 1517 3996 acuminis,
1548 3901 1679 3976 nodum
1699 3902 1913 3977 festivitatis.
1964 3902 2028 3977 Ille
2053 3902 2281 4003 philosophus
2301 3908 2417 3986 Athe-

427 4020 604 4114 nodorus,
627 4022 688 4122 qui
712 4021 830 4095 Attico
853 4020 991 4094 Romae
1013 4028 1089 4095 tum
1111 4028 1348 4094 commorante
1369 4020 1592 4095 fmrriliaritcr
1614 4021 1791 4117 utebatur,
1814 4022 1974 4098 Ciceroni
2001 4023 2207 4098 sententiam
2229 4028 2306 4123 ejus
2331 4026 2418 4128 περὶ

421 4145 500 4214 ,τοῦ
522 4135 622 4214 κατὰ
649 4135 870 4237 περίστασιν
896 4134 1135 4232 καθήκοντος
1160 4140 1349 4214 sciscitanti
1371 4146 1533 4240 prompte
1549 4140 1778 4216 satisfecerat.
1830 4141 1953 4217 Cicero
1977 4142 2069 4215 anim
2083 4139 2128 4214 ad
2146 4140 2301 4217 Atticum
2316 4145 2416 4223 [ibri

429 4256 592 4358 ejusdcm
613 4257 728 4357 Epist.
757 4263 818 4334 l4.
844 4262 877 4354 ἕ.
894 4262 939 4355 ’4.
958 4258 1097 4334 scribite
1127 4258 1429 4353 „Athenodorum
1451 4259 1538 4333 nihil
1560 4268 1615 4333 ost
1638 4259 1734 4360 quod
1759 4261 1912 4334 hortere.
1962 4259 2067 4335 Misit
2098 4261 2192 4335 enim
2223 4264 2311 4338 satis
2336 4262 2416 4350 bel·

429 4380 506 4454 lum
527 4372 774 4473 ὑπόμνημα.“
824 4377 929 4451 Prior
950 4379 1009 4450 illa
1032 4378 1183 4477 epistola
1213 4379 1428 4474 Puteolano,
1460 4381 1637 4479 posterior
1661 4378 1826 4479 Arpinati
1851 4377 1899 4451 ad
1923 4379 2078 4452 Atticum
2102 4377 2185 4454 data
2209 4389 2284 4456 cst:
2316 4391 2416 4459 uha-

430 4523 504 4599 que
527 4503 646 4572 autem
667 4498 796 4595 scripta
819 4521 942 4572 mense
962 4496 1155 4572 Novembri
1184 4522 1219 4572 a.
1242 4498 1289 4573 U.
1313 4497 1355 4573 G.
1381 4502 1471 4594 710.
1493 4523 1524 4573 s.
1548 4503 1612 4574 44.
1663 4497 1745 4598 Quo
1770 4497 1909 4600 quidem
1931 4498 2096 4594 efficitur,
2125 4506 2169 4574 ut
2196 4501 2291 4575 nrrllo
2313 4511 2414 4602 pacto

423 4683 480 4735 τοῦ
497 4677 539 4736 su
554 4675 675 4738 utiliora
691 4683 749 4742 τοῖς
769 4675 885 4750 ἡγεμόσι
906 4680 952 4733 dri
965 4675 1016 4734 sir
1031 4676 1192 4750 oeldoopor
1209 4679 1311 4750 drala‘y.
1335 4683 1397 4737 Vol.
1448 4680 1475 4749 ς.
1492 4681 1518 4739 5.
1534 4684 1641 4751 legitur.
1674 4683 1839 4753 Rahhopfius
1855 4700 1930 4737 snam
1947 4682 2103 4737 sententiam
2119 4700 2153 4738 eo
2169 4685 2321 4755 confirmat,
2343 4690 2414 4757 quod

427 4768 476 4822 lx.
492 4783 519 4837 p.
536 4767 595 4821 los.
612 4769 645 4822 lt.
667 4772 695 4821 et
715 4768 830 4821 verbose
851 4784 911 4821 eam
932 4767 1099 4837 persequitur
1114 4769 1266 4822 Bructerus
1282 4768 1310 4821 in
1326 4768 1396 4821 Hist.
1446 4768 1470 4820 is
1486 4769 1673 4822 Athenodorus
1690 4769 1831 4822 Tarsensis
1854 4771 1935 4822 multo
1958 4769 2086 4835 majorem
2107 4775 2201 4823 nactos
2220 4770 2257 4824 sit
2271 4776 2415 4830 auctorita-

426 4852 496 4908 crta
510 4852 611 4906 Philon.
627 4853 706 4906 Τοῖα.
722 4853 755 4907 ll.
772 4870 798 4922 p.
815 4852 850 4905 ts
866 4859 907 4920 sil.
1446 4857 1501 4906 tem
1522 4860 1551 4907 et
1571 4855 1680 4921 famam,
1703 4871 1781 4922 quarn
1804 4853 1923 4906 Solensis
1941 4853 1999 4920 ille,
2027 4869 2106 4922 qoem
2124 4853 2231 4923 Lipsius
2251 4854 2413 4911 intellectum

495 4935 544 5006 oo)
559 4938 591 4990 ld
608 4952 663 4994 nou
678 4944 777 4990 temere
794 4936 923 5003 colligere
938 4936 1002 4990 mihi
1018 4937 1163 4990 videorest
1174 4951 1216 5003 eo,
1233 4937 1313 5006 quod,
1330 4943 1398 4991 teste
1447 4937 1525 5007 velit,
1542 4939 1591 4991 sed
1609 4956 1685 5007 quem
1701 4955 1824 5006 umquam
1840 4939 1941 4991 Romae
1957 4937 2039 4991 fuisso
2054 4938 2161 4991 minimo
2174 4943 2284 4993 constet.
2306 4941 2361 4994 Sed
2378 4941 2413 4995 do

426 5020 572 5076 Plutarcho
589 5035 613 5074 c.
624 5020 676 5095 l4.,
692 5022 761 5074 Cato
770 5020 871 5090 Ephesi
888 5022 1012 5074 conuenit
1024 5022 1179 5091 Pompeium
1188 5023 1323 5090 Magnum,
1339 5022 1398 5075 sine
1439 5022 1583 5091 Ruhkopoi
1599 5039 1704 5091 quoquc
1720 5022 1851 5075 sentemia
1867 5022 1996 5091 estquod
2014 5021 2175 5076 dubitemus:
2190 5037 2217 5077 v.
2233 5022 2268 5076 N.
2285 5023 2345 5079 ns.
2471 5034 2473 5037 ·

428 5105 511 5160 dnbio
527 5105 566 5159 ibi
581 5112 787 5159 commorantem
802 5106 925 5160 conlecto
942 5107 1013 5159 bello
1036 5106 1164 5176 piratico,
1186 5112 1327 5175 numquam
1346 5107 1399 5176 ipsi
1507 5107 1554 5173 98)
1570 5107 1760 5173 Huiuscemodi
1773 5107 1850 5173 iocus
1866 5122 1920 5160 non
1937 5107 2038 5160 alienus
2050 5122 2067 5160 a
2077 5107 2217 5160 Cicerone·
2241 5107 2287 5161 Sic
2301 5108 2331 5162 0.
2345 5111 2410 5162 Πα-

425 5191 491 5258 lega
505 5190 617 5244 Massilia
632 5192 730 5243 bellum
746 5196 841 5244 conus
855 5190 1036 5244 Mithridatem
1052 5192 1248 5246 decerneretur.
1276 5194 1318 5245 Aa
1334 5193 1400 5246 Plu-
1440 5192 1513 5254 tiss,
1530 5191 1594 5244 lolii
1610 5192 1734 5244 Caesaris
1749 5191 1983 5257 familiarissimus,
1998 5198 2109 5260 propter
2124 5190 2257 5245 calvitium
2279 5207 2411 5269 saepenu-

427 5274 536 5330 tstebus
557 5275 597 5328 ibi
617 5276 717 5328 diserto
733 5275 820 5342 addit,
842 5276 999 5344 Pompeium
1015 5275 1112 5330 Catoni
1134 5278 1246 5330 Romam
1261 5276 1399 5344 naviganti
1439 5292 1514 5329 mero
1537 5277 1596 5327 solo
1616 5276 1744 5329 emanas
1766 5276 1872 5329 nominc
1895 5276 2050 5343 designatur
2065 5276 2094 5329 in
2110 5275 2242 5343 epistolis:
2268 5291 2296 5331 r.
2313 5278 2409 5333 oreuii

424 5360 529 5416 liberos
542 5375 623 5427 suos,
638 5375 751 5414 uxorem
766 5360 886 5429 aliosque
902 5361 1066 5429 propinquos
1082 5361 1292 5416 commendasse.
1441 5366 1469 5412 at
1485 5358 1586 5413 Baiteri
1602 5362 1738 5414 onomast.
1760 5361 1832 5414 Tull.
1848 5379 1876 5430 p.
1892 5360 1952 5415 ael.
1985 5360 2115 5414 llumdem
2131 5358 2263 5426 munificat
2278 5361 2313 5415 sd
2329 5361 2410 5418 Attio.

338 5465 357 5484 ··
461 5444 510 5514 117)
526 5444 596 5498 Huic
616 5444 791 5498 Athenodoro
812 5445 969 5511 Cordylioni
991 5445 1110 5500 attribuit
1125 5444 1290 5513 Rnhkopfins
1311 5447 1400 5500 locum
1441 5445 1516 5500 Libr.
1533 5445 1603 5499 xlv.
1619 5445 1670 5513 Ep.
1687 5446 1713 5499 2.
1731 5442 1759 5511 §.
1775 5447 1816 5499 2:
1842 5445 1960 5513 „Altera
1981 5444 2095 5515 epistola
2115 5444 2150 5497 do
2165 5444 2281 5497 Madaro
2301 5447 2410 5517 scripta,

426 5545 474 5600 sp.
490 5529 621 5583 Senecam
641 5529 676 5583 da
696 5530 846 5599 Tmuqnill.
867 5530 956 5585 Anim.
980 5545 1004 5585 c.
1021 5531 1046 5584 8.
1064 5545 1099 5583 ex
1115 5530 1204 5597 shqoo
1227 5530 1284 5596 cjns
1300 5531 1400 5601 scripto
1442 5530 1514 5598 apud
1530 5545 1608 5598 quom
1624 5532 1725 5583 nnllam
1742 5524 1954 5600 caussasse,
1971 5535 2001 5584 nt
2015 5526 2127 5599 potas.“
2159 5527 2209 5586 Gr.
2223 5524 2352 5600 μαδαρὸς
2367 5536 2410 5587 ost

427 5612 525 5670 hinc
540 5613 682 5686 redditum,
696 5614 814 5685 itemquo
829 5615 937 5676 dictum
946 5616 1017 5684 quod
1032 5614 1133 5671 ibidem
1147 5630 1173 5670 c.
1187 5614 1216 5671 tl.
1230 5619 1260 5669 ot
1274 5614 1402 5686 EpistX.
1442 5613 1552 5686 depilis,
1569 5615 1678 5683 glaber,
1695 5616 1796 5672 calvus.
1964 5699 2014 5779 6*
