5717 6575
361 586 368 594 ’
439 607 514 683 lae
746 641 750 648 <
942 580 1173 687 monades
1196 613 1254 686 ur.
1276 613 1336 683 nn
1356 615 1473 684 noco
1494 598 1711 685 ulenonn
1732 616 1833 687 sar.
1853 612 1897 686 n.
1917 604 1950 685 t.

319 821 325 830 =
430 782 539 856 ¹etiam
552 810 599 889 ap.
620 786 769 891 Isidorum
791 786 879 876 orig.
899 751 989 891 Libr.
1009 785 1099 889 Xlil.
1122 810 1147 856 e.
1169 785 1222 853 32
1243 785 1270 872 d.
1290 783 1322 854 6.
1343 785 1513 873 invenitur,
1539 786 1590 855 ubi
1618 809 1638 854 a
1658 786 1870 867 Lindemanno
1896 759 1961 855 sivo
1986 726 2086 878 potiris
2113 789 2150 892 ab
2174 788 2306 875 0ttone,
2332 789 2444 860 Fanet.

441 873 567 941 Arevalr
588 895 794 941 recensionem
816 881 1002 960 secuto,1ta
1023 873 1221 940 editumcst:
1333 928 1335 932 Α
2086 910 2089 915 Δ

848 1025 1015 1110 lucentes,
1035 1043 1107 1092 meo
1127 1028 1208 1108 otta,
1230 1042 1288 1092 acc
1309 1024 1508 1108 smerapdos,

849 1110 983 1179 Beeilloc
998 1113 1096 1193 eniti,
1119 1111 1246 1193 Flacco,
1267 1129 1324 1176 nec
1344 1111 1489 1194 nitentes,

850 1195 915 1263 Nec
931 1198 1128 1280 percandida
1139 1198 1314 1277 morparito
1335 1213 1468 1278 quaero,

847 1280 913 1348 Nee
934 1300 1012 1366 quos
1034 1283 1182 1363 thynnica
1203 1282 1277 1346 bma
1295 1282 1460 1362 perpolivit

847 1366 990 1444 duellos,
1011 1384 1110 1450 nepta
1131 1366 1247 1449 iaspioa
1269 1367 1466 1449 lapillos.1⁵)

385 1512 387 1516 ’
441 1518 598 1608 Quinque,
627 1540 701 1670 puna
722 1519 772 1583 hic
800 1517 950 1605 legimus,
979 1514 1233 1604 llendecasyllabi
1261 1515 1407 1582 communi
1435 1515 1502 1583 lere
1531 1490 1660 1584 omnium
1687 1538 1835 1585 consensu
1864 1518 2055 1607 Maecenati,
2086 1520 2207 1610 lugenti
2235 1523 2351 1591 obitum
2373 1523 2435 1591 He

381 1664 410 1686 ,.
439 1605 511 1670 ratii
533 1605 590 1688 sui,
612 1604 741 1670 ascribi
769 1601 884 1684 solent,
906 1601 1024 1668 Isidoro
1047 1601 1164 1689 quidem
1190 1601 1481 1689 nonsuffragante:
1515 1603 1555 1670 cf.
1586 1603 1658 1669 (ttto
1687 1605 1728 1671 N.
1749 1604 1800 1671 32.
1848 1602 1891 1672 Ut
1918 1615 2015 1672 autem
2038 1608 2251 1693 concedamus,
2282 1630 2336 1674 eos
2367 1631 2434 1675 csse

438 1690 706 1771 Maecenatianos,
729 1688 811 1775 utqui
831 1687 921 1754 molle
943 1688 1007 1772 ejus
1030 1687 1244 1773 delicatumque
1273 1686 1389 1774 spirent
1409 1687 1585 1774 ingenium3
1614 1696 1711 1754 tamen
1741 1689 1826 1755 nullo
1855 1701 1943 1779 pacto
1973 1693 2083 1758 referri
2111 1702 2237 1781 possunt
2258 1693 2298 1758 ad
2320 1690 2431 1773 iactari·

439 1773 532 1839 datos
554 1774 630 1862 quod
652 1796 716 1857 am,
758 1795 795 1838 uo
818 1773 929 1838 amicus
951 1773 1039 1836 amici
1060 1781 1184 1838 mortem
1206 1773 1251 1857 sit
1268 1780 1463 1858 prosecutus,
1486 1774 1513 1837 si
1557 1770 1651 1838 uidem
1674 1775 1751 1839 bunc
1772 1782 1841 1862 post
1861 1785 2018 1863 patronum
2041 1777 2154 1859 demum
2176 1779 2239 1843 vita
2261 1777 2431 1844 defunctum

439 1881 525 1942 esse,
553 1859 693 1925 refutatis
720 1795 844 1924 aliorum
873 1856 1118 1939 dubitationibus,
1148 1878 1181 1921 co
1203 1857 1267 1922 ios'e
1299 1854 1399 1921 docuit
1448 1865 1496 1921 ost
1560 1856 1715 1923 eibomium
1738 1881 1763 1925 c.
1785 1852 1837 1923 25.
1866 1881 1895 1947 p.
1918 1861 1989 1925 155.
2025 1861 2153 1928 Masson
2174 1861 2207 1928 in
2228 1862 2303 1932 Vita
2325 1863 2430 1930 Horat

438 1942 476 2010 ad
498 1966 524 2010 a.
548 1942 587 2011 U.
610 1943 646 2012 C.
668 1941 741 2010 746.
764 1963 792 2031 p.
815 1940 887 2007 368.
910 1942 950 2007 ef.
972 1941 1100 2006 Richter
1130 1938 1167 2006 ad
1183 1878 1314 2008 {netem
1336 1939 1400 2009 vit.
1460 1961 1504 2009 or.
1529 1962 1559 2028 p.
1582 1941 1718 2024 ibbffi)
1756 1943 1856 2009 Missa
1886 1945 1980 2032 igitur
2006 1944 2104 2011 luctus
2134 1946 2171 2012 de
2198 1947 2321 2013 lloratii
2352 1949 2431 2014 obitu

436 2029 592 2112 oinione,
610 2031 696 2116 juvat
716 2048 878 2115 quaerere,
901 2049 957 2113 quo
981 2025 1106 2092 consilio
1128 2048 1220 2112 quave
1241 2026 1400 2091 occasione
1421 2024 1633 2113 qualecumque
1658 2026 1733 2092 illud
1761 2049 1885 2117 poema,
1908 2052 1946 2095 ex
1972 2051 2029 2117 quo
2060 2031 2106 2096 illi
2134 2053 2238 2097 versus
2260 2041 2429 2120 supersunt

467 2123 553 2178 oetao
575 2113 730 2182 Venusino
754 2113 795 2177 sit
814 2113 1001 2200 inscriptum.
1050 2112 1120 2175 Non
1141 2112 1268 2191 inscite,
1291 2131 1356 2174 meo
1401 2109 1496 2175 uidem
1514 2111 1645 2197 judicio,
1667 2110 1856 2179 Burmannus
1879 2115 1992 2202 primus
2015 2117 2144 2181 omnium
2166 2116 2355 2204 suspicatur,
2377 2118 2430 2182 bos

436 2197 718 2287 Hendecasyllabos
742 2218 811 2262 esse
833 2219 872 2262 ex
892 2195 1032 2282 longiore
1060 2195 1191 2260 carmine
1222 2195 1258 2260 ad
1288 2194 1445 2261 Horatium
1467 2196 1622 2261 absentem
1651 2198 1783 2285 scripto,
1819 2199 1923 2285 quibus
1954 2200 2130 2265 Maecenas
2153 2201 2371 2289 impatientiam
2396 2223 2429 2267 ae

398 2310 401 2314 ·
435 2283 615 2351 desiderium
637 2304 722 2349 snum
744 2282 830 2346 amici
851 2281 956 2367 procul
977 2280 1115 2368 degentis
1132 2280 1343 2357 testificaturus
1365 2280 1538 2367 scripserat,
1559 2302 1594 2345 se
1609 2302 1710 2347 amore
1723 2282 1787 2366 ejus
1809 2292 1841 2347 et
1861 2282 2009 2349 desiderio
2031 2305 2123 2373 prope
2145 2294 2299 2352 enecatum
2315 2306 2429 2351 omnem

326 2387 329 2404 ¹
436 2367 564 2451 cultum,
586 2379 723 2433 ornatum
745 2381 776 2431 et
797 2387 995 2453 gemmarum,
1019 2365 1123 2452 quibus
1145 2364 1269 2430 mirifice
1290 2361 1471 2446 delectetur,
1503 2363 1633 2430 studium
1663 2364 1849 2454 deposuisse.
1898 2368 1981 2433 Idem
2003 2367 2194 2436 Burmannus
2222 2380 2312 2435 acute
2334 2371 2428 2436 sensit

434 2452 616 2535 mirabilem,
639 2473 715 2539 quae
736 2452 791 2516 hos
812 2453 893 2516 inter
914 2472 1019 2527 uersus
1042 2457 1073 2513 et
1094 2449 1227 2537 Augusti
1250 2448 1418 2537 epistolium
1440 2450 1623 2532 intercedat,
1654 2450 1877 2516 similitudinem
1906 2452 1950 2516 ita
1980 2470 2197 2542 comparatam,
2225 2461 2260 2520 ut
2284 2454 2366 2520 alter
2386 2455 2426 2520 al·

390 2604 402 2614 ,
433 2548 530 2602 terum
552 2537 711 2602 manifesto
733 2536 903 2624 respexisse
926 2543 957 2600 et
977 2535 1095 2600 eneruis
1118 2534 1263 2598 orationis
1287 2534 1417 2599 colorem
1439 2542 1470 2597 et
1490 2538 1681 2621 portentosas
1710 2536 1866 2602 verborum
1889 2535 2012 2603 delicias
2034 2560 2126 2627 opera
2146 2539 2309 2604 imitatrice
2330 2539 2426 2605 reddi-

434 2620 516 2687 disse
539 2619 755 2688 existimandus
778 2622 829 2686 sit.
873 2619 981 2687 Utrum
1003 2617 1078 2683 illud
1099 2617 1288 2684 Maecenatis
1309 2640 1416 2707 poema
1438 2617 1498 2683 ulla
1520 2619 1750 2686 necessitudinis
1778 2623 1897 2686 ratione
1924 2623 2082 2689 cohaereat
2109 2645 2173 2688 cum
2203 2623 2346 2711 Epistola
2365 2625 2424 2691 llo·

393 2730 399 2737 ·
432 2707 505 2773 ratii
525 2707 614 2772 Libr.
634 2707 660 2770 l·
682 2706 822 2794 septima,
845 2705 979 2793 equidem
1000 2726 1096 2791 neque
1117 2703 1268 2768 affirmare
1297 2725 1394 2791 neque
1430 2703 1554 2772 infitiari
1592 2705 1697 2772 ausim.
1739 2704 1776 2770 ld
1805 2714 1904 2771 autem
1933 2707 2052 2772 minime
2077 2708 2254 2774 incredibile
2276 2716 2344 2793 est,
2364 2711 2423 2776 Au·

433 2800 573 2883 gustum,
617 2812 672 2856 uae
694 2800 758 2869 erat
780 2791 907 2856 interior
930 2812 996 2855 cum
1018 2802 1143 2875 utroque
1166 2789 1333 2873 conjunctio
1364 2798 1395 2854 ct
1422 2788 1571 2871 amicitia,
1593 2789 1667 2854 illud
1693 2811 1793 2859 seeum
1820 2792 2062 2857 communicatum
2089 2792 2204 2879 legisse
2237 2802 2270 2859 et
2297 2793 2332 2860 in
2359 2794 2423 2860 sinu

431 2877 548 2942 risisse.
592 2814 706 2962 loquis
729 2884 915 2958 astantem,
937 2875 987 2960 qui
1009 2873 1139 2938 alienum
1161 2895 1229 2938 esse
1251 2874 1287 2937 ab
1309 2873 1461 2961 Principis
1484 2872 1632 2959 dignitate
1649 2874 1779 2959 judicet,
1808 2874 1878 2940 data
1899 2874 2050 2941 scribendi
2071 2899 2146 2942 ansa
2167 2877 2213 2942 sic
2234 2877 2295 2962 uti,
2317 2886 2352 2944 ut
2371 2879 2422 2945 snb

431 2960 521 3026 finem
549 2961 706 3049 proximae
735 2957 897 3048 epistolae,
920 2959 1010 3022 animi
1032 2979 1155 3040 caussa,
1174 2965 1315 3045 respectu
1336 2957 1416 3023 illius
1439 2959 1604 3046 poematis,
1634 2959 1721 3023 amici
1744 2956 1955 3038 κακοζηλίαν
1974 2960 2082 3028 iisdem
2103 2961 2275 3049 lapillorum
2295 2983 2422 3050 gemma·

430 3066 495 3110 rum
517 3067 554 3110 ue
585 3045 752 3110 nominibus
779 3042 906 3110 ridicule
927 3064 1018 3126 usus,
1046 3064 1112 3107 eum
1134 3041 1237 3108 aculeo
1258 3040 1375 3107 luderet
1402 3053 1526 3128 eumque
1553 3043 1646 3108 multo
1675 3065 1739 3107 cum
1768 3043 1870 3131 lepore
1897 3052 2053 3134 carpereti
2095 3046 2261 3111 Lubricum
2282 3069 2358 3114 sane
2378 3063 2421 3113 est

432 3152 467 3194 ac
489 3068 628 3212 difficile,
657 3129 690 3194 in
712 3137 772 3214 tam
794 3128 932 3193 brevibus
954 3126 1120 3213 lacerisque
1142 3127 1318 3214 scriptorum
1339 3127 1517 3210 fragmentis
1539 3127 1614 3192 certi
1636 3126 1706 3214 qnid
1728 3126 1861 3193 divinare
1882 3137 1933 3195 aut
1954 3130 2033 3196 ultra
2054 3132 2274 3219 probabilitatis
2297 3154 2312 3198 s
2334 3132 2419 3199 eciem

453 3212 589 3302 uidquam
610 3212 772 3278 affirmare.
815 3211 918 3277 Nihilo
940 3219 1039 3276 nmen
1061 3211 1159 3275 secius
1182 3210 1304 3294 addam,
1326 3212 1399 3276 mibi
1420 3210 1516 3275 videri
1535 3211 1713 3277 Martialem»
1731 3235 1845 3302 quoque
1865 3213 1936 3294 illos
1958 3215 2146 3284 Maecenatis
2165 3238 2274 3285 sersus
2296 3153 2335 3284 ol
2355 3238 2418 3284 ocu·

408 3236 479 3364 los
503 3300 642 3365 babuisse
664 3300 787 3386 ejusque
808 3298 902 3364 rerba
922 3297 959 3365 do
981 3295 1097 3381 Stella,
1119 3296 1202 3362 illius
1223 3295 1316 3364 ueluti
1336 3297 1443 3380 simio,
1466 3317 1626 3385 usurpasse
1647 3298 1735 3365 Libr.
1759 3298 1798 3367 V.
1828 3298 1936 3389 Epigr.
1960 3301 2010 3367 ll.
2032 3301 2084 3369 S.:

839 3448 1081 3536 Sardonychas,
1112 3448 1315 3529 amarandus,
1338 3449 1547 3529 odamaatas,
1567 3452 1707 3531 iaspidas
1727 3468 1793 3517 uno

989 3534 1102 3600 Portet
1123 3538 1157 3599 ta
1179 3534 1312 3599 articulo
1333 3530 1447 3615 stella,-
1475 3531 1603 3617 Seoere,
1623 3554 1720 3602 meas.

801 3620 803 3626 ’
838 3617 959 3687 Multas
978 3623 1014 3687 ia
1034 3620 1152 3701 dtpltls,
1172 3620 1279 3700 plures
1298 3619 1334 3681 ln
1356 3620 1496 3682 cornetae
1515 3637 1651 3700 pommus

881 3750 884 3757 ι
990 3704 1151 3771 Inueaies:
1172 3704 1244 3769 lade
1264 3710 1308 3768 est
1329 3703 1422 3786 laec,
1440 3712 1535 3787 pato,
1558 3706 1644 3775 calta
1663 3722 1787 3771 meaos.

430 3860 480 3933 En
500 3881 604 3950 pamm
627 3828 728 3949 putum
750 3857 972 3926 Maecenatem!
994 3856 1141 3925 hominem
1164 3861 1196 3921 et
1215 3856 1350 3944 poetam!
1376 3853 1439 3922 Sed
1459 3876 1499 3922 ne
1521 3866 1608 3926 extra
1629 3856 1712 3923 oleas
1735 3878 1911 3947 evagemur,
1934 3859 2027 3929 finem·
2043 3863 2093 3928 bic
2114 3866 2271 3934 faciamus.

500 4202 548 4269 15)
567 4204 698 4257 Codicum
719 4211 746 4255 ct
769 4203 925 4256 Editionnm
947 4201 1132 4268 discrepantes
1154 4197 1283 4250 lectiones
1301 4202 1328 4250 ct
1345 4198 1401 4251 vv.
1445 4198 1518 4252 datio
1541 4197 1604 4264 jura
1621 4198 1772 4269 meritoque
1797 4203 1919 4269 praelata
1945 4202 2124 4257 catellorum
2147 4206 2336 4260 tentaminibns
2351 4209 2398 4260 lee-

432 4269 492 4324 DD.
510 4271 692 4324 correctiones
708 4269 807 4338 partim
822 4270 954 4324 Arevalm
970 4269 1033 4321 Vol.
1046 4267 1091 4318 lv.
1106 4282 1134 4334 p.
1151 4266 1210 4320 478.
1229 4264 1324 4333 partim
1335 4265 1402 4317 Lin·
1442 4271 1511 4333 pent
1535 4270 1562 4319 te
1587 4282 1610 4319 s.
1633 4269 1748 4333 Lapersa
1772 4272 1800 4321 te
1817 4277 1870 4323 etc.
1906 4271 2059 4324 Perrersae
2081 4271 2117 4323 do
2133 4269 2283 4343 lurapdetp
2298 4274 2398 4343 opinioni

433 4338 580 4390 demannus
604 4340 683 4391 Tem.
701 4340 745 4391 lll.
768 4357 796 4406 p.
811 4339 873 4390 613.
896 4338 1054 4398 attulerunt3
1077 4349 1109 4386 ac
1130 4334 1250 4386 diversas
1275 4334 1403 4387 emenda·
1444 4340 1579 4402 repugnat
1595 4335 1676 4386 etiam
1694 4337 1835 4404 blanditia,
1852 4353 1920 4407 qnae
1937 4343 1979 4393 est
1994 4338 2023 4391 in
2041 4354 2105 4391 meo
2120 4342 2198 4406 olto,
2218 4343 2398 4410 quaedamst·

432 4405 530 4473 dones,
548 4421 615 4475 quas
633 4405 691 4459 Viri
707 4406 787 4460 Docti
805 4409 953 4472 tentarunt,
974 4407 1143 4457 Burmannus
1165 4402 1192 4454 in
1214 4402 1301 4469 spisso
1319 4402 1403 4455 Com·
1443 4407 1490 4456 tuo
1509 4402 1629 4471 quamvis
1646 4419 1709 4457 caro
1727 4406 1852 4473 usurpari
1868 4407 1970 4474 nequit.
2003 4409 2081 4462 Vers.
2097 4409 2123 4460 2.
2149 4409 2264 4464 offendit
2286 4411 2398 4480 quosdam

364 4511 368 4520 .
432 4473 565 4527 mentatio
583 4474 618 4527 ad
633 4473 715 4531 Anth.
731 4474 794 4527 Lat.
811 4476 890 4528 Tom.
908 4474 927 4526 l.
944 4491 971 4541 p.
987 4472 1049 4526 412.
1066 4470 1202 4523 recensuit
1218 4477 1246 4521 et
1263 4468 1402 4523 examina·
1443 4472 1551 4523 Flacco
1575 4476 1637 4539 post
1659 4488 1721 4525 meo
1744 4476 1826 4543 olto,
1856 4480 1886 4527 nt
1907 4477 2018 4527 mallent
2039 4475 2152 4541 agnosci
2172 4478 2309 4547 lacunam,
2334 4491 2396 4547 qnam

432 4541 488 4608 rit,
528 4541 606 4596 nibus
629 4543 699 4595 adde
721 4558 791 4611 qnae
813 4542 895 4595 habet
916 4541 1040 4607 Meyerus
1058 4539 1086 4591 in
1103 4538 1275 4592 Annotation.
1292 4540 1326 4591 ad
1343 4540 1401 4591 An·
1442 4539 1582 4592 Pantanus
1599 4539 1633 4590 ad
1650 4541 1771 4594 Macrob.
1789 4544 1807 4593 l.
1825 4558 1848 4596 c.
1867 4542 2001 4611 supplerit
2017 4546 2145 4612 ducent,
2168 4559 2267 4599 omen
2283 4548 2342 4600 otta
2375 4546 2396 4595 ts

433 4610 499 4665 thol.
543 4617 578 4664 at.
594 4609 656 4664 Vol.
673 4612 694 4664 Ι.
711 4628 738 4679 p.
756 4611 800 4667 ³7.
814 4613 848 4666 cl.
866 4610 935 4663 Lion
952 4610 981 4662 in
997 4610 1148 4662 Maecenat.
1171 4623 1198 4674 p.
1215 4607 1249 4658 32
1266 4623 1325 4685 sqq.
1387 4673 1403 4686 ..
1441 4609 1640 4686 Smarapdus,
1657 4612 1790 4673 Ber-yllus
1807 4624 1917 4675 quoque
1934 4615 1964 4664 et
1978 4613 2057 4676 ipsam
2075 4626 2128 4664 nee
2144 4615 2328 4668 nitentesete.
2342 4580 2394 4666 ltitt

501 4680 549 4749 ld)
565 4679 721 4734 Lectionem
736 4680 811 4746 vulg.
834 4694 861 4732 v.
875 4680 900 4733 l.
923 4680 1035 4745 tepente
1054 4690 1118 4728 meo
1142 4678 1204 4727 otta
1221 4675 1336 4727 Codices
1358 4676 1405 4727 alm
1445 4676 1594 4728 blanditiae
1610 4677 1730 4742 ejusdem
1743 4678 1871 4745 repetitio
1894 4679 1998 4732 ridetur
2019 4695 2080 4732 esse
2103 4682 2183 4749 plana
2198 4682 2395 4745 Maecenatiana,

435 4747 670 4818 alitarpraabent,
691 4749 915 4815 natanaelem
932 4760 968 4798 ea
983 4748 1067 4798 cttto.
1103 4741 1196 4797 Primo
1217 4742 1289 4797 And.
1308 4741 1403 4795 Aleia-
1445 4760 1524 4811 qnam
1540 4746 1679 4809 Augustus
1695 4744 1826 4798 imitando
1843 4746 1962 4799 illuserit
1983 4762 2028 4802 rr.
2046 4749 2100 4799 mel
2119 4747 2264 4819 penitam,
2286 4750 2394 4812 metente,

375 4829 380 4836 ·
435 4819 492 4883 tna,
515 4821 544 4869 nt
566 4820 654 4869 aetate
676 4813 716 4869 sic
739 4819 767 4869 et
782 4814 932 4869 industriae
951 4814 1032 4866 laude
1055 4811 1146 4881 prior,
1167 4802 1229 4884 Lib.
1245 4810 1403 4880 llcptpyroe
1443 4811 1572 4863 attidem
1590 4812 1754 4865 Maecenatis
1771 4814 1907 4881 pungendi
1931 4831 2027 4869 causas
2041 4815 2188 4886 scripserat
2202 4817 2298 4879 Naum.
2314 4828 2394 4887 gener·

433 4884 578 4952 legendum
605 4884 709 4937 censuit
725 4885 883 4950 Ducentos,
900 4896 966 4936 mea
986 4884 1065 4947 otta,
1082 4893 1137 4932 nec
1153 4880 1323 4943 emorapdos
1340 4882 1402 4946 etc,
1442 4881 1637 4947 maraaeltaen
1658 4881 1826 4936 Tiberinum.

434 4960 465 5007 at
480 4951 565 5007 retest
581 4950 707 5008 Sebottns
724 4952 839 5007 observ.
856 4949 970 5018 binam
987 4965 1010 5005 e.
1020 4948 1063 5005 dd
1079 4964 1108 5017 p.
1125 4946 1204 5002 lla:
1222 4961 1293 5013 quae
1309 4960 1401 4999 emea-
