5717 6575
956 653 1154 741 ,EXCURU
1176 655 1203 724 Ι.
1224 655 1285 725 DE
1304 656 1411 729 ΝΟΜ.
1434 656 1592 728 ΟΑΤΟΝ.
1614 657 1802 728 APPELL.
1825 657 1919 730 USU.
2368 638 2442 722 175

446 841 498 905 eis
519 858 627 905 numen
649 860 706 906 usu
727 840 846 906 venisse
867 847 971 940 namot
992 842 1134 917 Quinctil.
1155 842 1182 910 1.
1204 845 1258 911 0r.
1281 844 1367 910 Libr.
1389 845 1431 915 X.
1454 845 1485 913 1.
1507 845 1536 930 §.
1559 847 1631 915 112.
1674 846 1717 911 ιιι
1739 846 1769 911 ni
1790 852 1908 930 mutus,
1938 850 2065 933 quantus
2094 842 2267 911 Uticensem
2299 840 2437 923 ornabat,

446 921 605 989 multarum
627 932 658 989 et
679 946 853 1012 magnarum
875 936 1014 1012 vrrtqtum
1036 926 1179 1016 splendor
1200 951 1261 995 nou
1282 939 1401 1020 poterat
1421 952 1482 996 non
1504 931 1618 996 animos
1639 930 1688 996 vel
1710 870 1944 997 dlttrectatorum
1972 930 2105 1017 adeoque
2133 925 2371 992 adversariorum
2394 933 2439 989 ta·

447 1008 508 1073 cita
529 1007 725 1101 admiratione
747 1019 779 1075 et
798 1010 978 1076 verecundia
999 1011 1124 1099 quadam
1144 1012 1269 1103 implere
1299 1022 1330 1079 et
1359 1017 1519 1081 aulicorum
1545 1015 1622 1081 haud
1643 1035 1754 1105 paucos
1781 1016 1925 1097 incitare,
1952 1022 1984 1081 ιιι
2011 1035 2067 1103 pro
2092 1012 2172 1078 virili
2201 1012 2324 1110 quisque
2373 1017 2439 1075 arte
2545 1048 2550 1062 ·

446 1113 503 1192 soa
522 1091 555 1191 in
577 1092 762 1192 Catonianae
783 1096 986 1183 praestantiae
1007 1098 1257 1186 comparationem
1279 1101 1474 1165 contenderet
1494 1108 1584 1188 atque
1606 1108 1747 1166 externos
1770 1101 1835 1165 e'us
1857 1120 1956 1166 mores
1985 1095 2087 1164 servili
2114 1095 2224 1185 passim
2254 1030 2438 1180 ridiculltque

442 1184 614 1245 imitatione
635 1199 804 1265 exprimere
825 1178 968 1248 studeret.
1011 1180 1054 1246 lli
1074 1193 1145 1248 suut
1165 1183 1217 1249 isti
1236 1183 1544 1267 Pseudo-Gotones,
1572 1185 1622 1271 qui
1645 1186 1732 1249 unice
1754 1123 1797 1249 ad
1812 1183 1983 1251 Uticensem
2010 1184 2181 1270 pertinent,
2210 1202 2228 1245 a
2251 1178 2437 1259 Cicerone')

520 1261 647 1363 imcom
670 1263 804 1362 acumine
825 1263 905 1330 dicti.
948 1263 992 1332 Ut
1011 1265 1261 1355 enim-quisque,
1286 1273 1463 1359 praesertim
1493 1269 1561 1334 istis
1587 1269 1787 1356 temporibus,
1817 1290 1892 1354 quae
1921 1267 2069 1334 factiones
2100 1263 2281 1331 diuersarum
2330 1263 2438 1330 artium

442 1347 669 1497 elpqutctabpnpn,
694 1346 790 1414 videri
817 1348 1108 1502 haberiquefqolint·
1139 1352 1233 1452 bonus
1250 1374 1296 1502 dac
1322 1352 1420 1453 fortis·
1443 1353 1536 1453 civis,
1563 1353 1608 1419 ita
1638 1355 1766 1419 maxime
1793 1352 1960 1453 simillimus
1988 1348 2099 1481 Catqui
2127 1348 2254 1415 evadere
2280 1284 2438 1416 lalorarit.

476 1452 558 1617 alell
579 1436 2106 1620 pvepqqpqnqqmpppapqwmqlorqpefflsqopupoqqsprppappahqqpqrrqp‚ippreetplqpqp’epoqpppqqqm
2129 1519 2291 1584 acerrimus
2312 1515 2364 1583 ille
2386 1537 2436 1582 ve·
2537 1540 2540 1551 ·

448 1608 523 1668 terre
543 1600 725 1690 reipublicae
747 1601 906 1687 defensor,
927 1604 1017 1669 rebus
1037 1605 1072 1669 in
1093 1603 1254 1670 discrimen
1276 1613 1438 1672 extremum
1462 1606 1615 1689 adductis,
1638 1605 1744 1674 Uticae
1765 1628 1821 1671 sue
1842 1615 1950 1694 sponte
1975 1628 1993 1670 e
2014 1617 2077 1670 urta
2098 1603 2233 1684 abierat,
2254 1599 2365 1667 nullam
2387 1621 2437 1666 ra·

445 1695 497 1752 tos
517 1685 719 1766 accipiendam
746 1708 814 1752 esse
841 1686 1040 1759 conditionem
1068 1709 1087 1753 a
1115 1690 1183 1755 ciue.
1208 1698 1356 1777 tamquam
1386 1698 1514 1778 tyranno
1543 1691 1721 1778 impositam.
1772 1691 1926 1759 Credibile
1955 1695 2018 1765 est,
2050 1688 2176 1755 Catonis
2205 1681 2436 1771 αὐτοχειρίαν,

444 1769 616 1838 Stoicorum
638 1780 737 1838 mente
758 1792 794 1835 ac
814 1772 981 1838 rationibus
1000 1780 1169 1861 peractam,
1188 1771 1319 1840 inimicis
1340 1775 1504 1841 incussisse
1525 1784 1677 1864 stuporem
1697 1796 1733 1841 ac
1754 1776 1847 1842 veluti
1869 1784 2035 1865 torporem,
2064 1773 2167 1838 amicis
2190 1771 2335 1856 bonisque
2364 1767 2436 1834 civi·

444 1854 501 1922 bue
523 1853 655 1922 dolorem
677 1864 709 1921 et
730 1853 919 1922 desiderium.
961 1854 1053 1922 Tunc
1072 1856 1188 1926 demum
1209 1859 1275 1924 risa
1295 1865 1344 1926 eet
1364 1860 1429 1945 ejus
1452 1860 1545 1925 virtue
1567 1861 1702 1926 omnibus
1723 1861 1854 1926 nunreris
1876 1869 1936 1927 tam
1957 1856 2109 1939 absoluta,
2131 1864 2178 1939 ut,
2206 1853 2338 2002 quisquis
2364 1873 2434 1919 eau-

443 1945 576 2008 etunret
596 1940 751 2028 egregium
775 1941 868 2006 civem
890 1940 1065 2026 significare
1087 1942 1196 2025 vellet,
1218 1945 1272 2009 sub
1295 1945 1416 2011 nomine
1437 1944 1564 2012 Catonis
1594 1944 1750 2025 definiret,
1779 1951 1811 2009 ut
1832 1943 1935 2014 Valer.
1960 1943 2115 2010 Maximus
2144 1941 2233 2006 Libr.
2262 1939 2306 2006 l.
2334 1959 2360 2001 c.
2383 1934 2434 2003 16.

447 2023 480 2091 l.
501 2024 620 2107 scribit,
640 2046 738 2123 neque
759 2024 889 2090 dubitari
909 2031 1021 2114 potest,
1043 2026 1113 2112 quin
1134 2025 1337 2094 Romanorum
1359 2026 1437 2096 haud
1458 2029 1545 2117 pauci
1564 2027 1635 2094 inde
1650 2027 1687 2092 ab
1709 2030 1766 2095 hcc
1788 2037 1921 2118 tempore
1943 2050 2009 2094 eum
2030 2026 2312 2121 tamquamheroem
2334 2020 2434 2090 divino

444 2106 526 2176 celtu
547 2119 697 2197 prosecuti
719 2109 842 2176 luerint.
855 2111 881 2191 ⁸)
926 2107 959 2175 ld
982 2131 1018 2175 ue
1037 2110 1166 2176 studium
1187 2110 1221 2178 in
1242 2111 1433 2195 Uticensem,
1462 2113 1541 2177 vitae
1570 2111 1741 2178 muneribus
1768 2110 1902 2198 gloriose
1929 2111 2114 2192 defunctum,
2144 2108 2221 2197 quod
2250 2107 2338 2172 annis
2365 2124 2435 2195 pro-

443 2192 526 2259 xime
547 2193 738 2280 sequentibus
760 2191 904 2275 diversis,
926 2195 1032 2281 quihus
1053 2193 1223 2260 laudatores
1245 2197 1310 2282 ejus
1332 2203 1364 2262 et
1383 2198 1602 2285 vituperatores
1630 2198 1804 2280 certabant,
1831 2198 1952 2284 scriptis
1982 2195 2129 2262 uberrima
2160 2194 2291 2258 lementa
2321 2197 2352 2255 et
2378 2210 2433 2254 nu·

446 2276 589 2345 trimerma
610 2277 673 2342 acci
696 2277 792 2361 iehat,
823 2300 860 2343 eo
881 2278 971 2345 latius
993 2299 1049 2367 per
1069 2280 1174 2345 civium
1195 2279 1399 2348 Romanorum
1422 2282 1537 2346 animos
1559 2279 1703 2347 diffusum·
1720 2288 1769 2347 est
1790 2302 1826 2346 ac
1846 2302 2010 2370 progressu
2033 2278 2177 2367 temporis
2199 2298 2272 2344 voce
2298 2281 2330 2341 et
2358 2273 2433 2341 ecri-

442 2362 505 2461 ptis
531 2382 568 2431 ee
596 2373 728 2451 apertius
754 2360 954 2447 declaratum,
981 2384 1039 2451 quo
1068 2364 1166 2451 magis
1191 2362 1224 2430 iu
1252 2362 1318 2432 dies
1346 2386 1401 2454 per
1426 2363 1661 2431 moderationem
1688 2372 1719 2431 et
1745 2365 1931 2454 prudentiam
1956 2365 2091 2465 Augusti
2118 2362 2274 2451 pristinum
2305 2359 2433 2458 partium

442 2443 544 2513 odium
565 2446 782 2536 consopiretur.
823 2446 980 2535 Augustus
1003 2446 1119 2535 quidem
1140 2449 1177 2513 ab
1198 2448 1287 2515 initio
1306 2468 1368 2516 non
1388 2456 1507 2538 poterat
1528 2471 1588 2516 nou
1612 2449 1760 2534 Uticensi,
1781 2451 1926 2516 acerrime
1947 2448 2023 2516 Julir
2045 2447 2186 2516 Cameris
2208 2445 2380 2512 adversario
2403 2451 2436 2510 et

440 2530 681 2622 pertinacissimo
701 2551 718 2596 r
780 2531 791 2594 i
810 2531 1015 2620 regnandique
1037 2532 1206 2620 cupidorum
1227 2533 1320 2617 osori,
1340 2554 1409 2601 esee
1429 2533 1579 2600 infensior
1599 2533 1659 2618 sic,
1681 2541 1730 2617 ut,
1752 2557 1825 2622 ques
1847 2533 1899 2600 alii
1918 2535 1951 2599 in
1973 2534 2089 2599 coelum
2110 2531 2264 2613 ferebant,
2286 2529 2351 2615 ejus
2372 2525 2432 2593 vir·

443 2621 524 2683 tutes
546 2616 610 2715 ipse
632 2617 716 2704 parvi
751 2630 867 2701 aceret,
889 2625 1044 2704 suspectas
1064 2617 1190 2683 haberet
1210 2617 1334 2704 ejusque
1354 2618 1472 2705 gloriae
1493 2618 1689 2685 obtrectarett
1711 2617 1741 2684 id
1763 2616 1840 2706 quod
1869 2640 1924 2708 per
1945 2618 2170 2685 Triumuiratns
2200 2634 2295 2680 annos
2321 2611 2432 2679 lactum

444 2719 530 2783 esse,
550 2699 631 2765 infra
652 2701 833 2767 monstrabo.
875 2700 981 2787 Neque
1004 2709 1102 2766 tamen
1123 2700 1202 2767 idem
1224 2702 1380 2788 Augustus
1401 2701 1429 2767 ie
1451 2711 1531 2777 erat,
1553 2703 1602 2790 qui
1624 2711 1729 2791 suapte
1750 2702 1851 2768 indole
1872 2704 1959 2768 veras
1980 2700 2209 2790 splendidasque
2231 2698 2356 2763 eliorum
2380 2696 2432 2762 ho·
2532 2720 2542 2729 ·

442 2783 554 2851 minum
575 2784 701 2850 uirtutes
723 2806 881 2871 earumque
901 2787 1030 2850 nativam
1052 2785 1266 2873 praestantiam
1288 2808 1390 2874 parum
1407 2787 1593 2874 perspiceret
1609 2788 1750 2852 meritare
1772 2787 1859 2853 laude
1879 2788 2026 2875 privaret3
2046 2786 2106 2850 imo
2125 2785 2226 2882 potius
2248 2802 2313 2847 eum
2335 2779 2432 2844 fuisse

442 2868 570 2952 scimus,
611 2868 639 2932 ui
661 2869 786 2933 aliorum
809 2868 936 2934 consilia
956 2879 988 2936 et
1008 2870 1105 2952 lacta,
1133 2871 1228 2957 proba
1254 2891 1309 2958 per
1336 2892 1370 2936 se
1400 2879 1432 2935 et
1457 2870 1634 2954 laudabilia,
1663 2870 1786 2937 simulac
1814 2871 1873 2936 eibi
1899 2870 2019 2956 suisque
2051 2868 2184 2936 consiliis
2209 2888 2269 2933 nou
2296 2863 2432 2953 amplius,

382 2984 385 2989 ·
442 2951 569 3018 sublatis
591 2890 746 3018 demedio
768 2953 954 3036 auctoribus,
975 2951 1103 3019 adversa
1123 2963 1246 3036 esseut,
1267 2976 1452 3042 nequaquam
1474 2957 1720 3043 perhorresceret
1742 2964 1773 3021 et
1799 2953 1993 3042 indignanter
2019 2961 2216 3018 aversaretur.
2260 2947 2346 3015 Nihil
2372 2945 2431 3045 igi·

443 3051 494 3101 tur
513 3034 711 3125 probabilius,
733 3058 818 3123 quam
841 3039 888 3102 Au
913 3047 1025 3121 ustum,
1046 3059 1146 3104 rerum
1167 3038 1292 3126 potitum
1313 3041 1460 3126 regnique
1476 3041 1541 3125 jam
1562 3060 1717 3122 securum,
1739 3039 1862 3126 aequior
1891 3039 2108 3125 benigniusque
2137 3036 2173 3101 de
2197 3033 2334 3101 Uticensi
2364 3052 2429 3097 exe·

441 3119 567 3186 stimare
592 3123 726 3209 coepisse
755 3123 877 3208 ejusque
890 3059 1007 3187 Uaudes
1029 3132 1061 3187 et
1080 3123 1240 3211 praeconia
1269 3123 1346 3212 apud
1377 3124 1540 3224 scriptores
1569 3132 1601 3189 et
1627 3135 1732 3211 poetas
1758 3125 1907 3212 pacienter
1936 3145 1973 3187 ac
2000 3123 2067 3187 sine
2093 3119 2157 3186 ulla
2185 3118 2353 3185 offensione
2383 3129 2429 3182 tu·

441 3201 526 3271 iisse.
541 3203 567 3284 ⁹)
611 3203 700 3289 Quid,
722 3205 798 3293 quod
819 3207 930 3305 ipsum,
952 3216 1110 3296 perspecta
1130 3207 1228 3272 aerius
1257 3208 1400 3273 bonorum
1422 3208 1532 3295 civium¹
1549 3208 1692 3297 penuria,
1713 3230 1773 3273 non
1797 3207 1991 3297 suppudebat,
2014 3205 2158 3274 Catonem
2181 3204 2355 3286 Uticensem
2375 3222 2429 3290 pa·

440 3286 502 3355 lam
523 3286 645 3354 laudare
667 3300 698 3354 et
719 3290 789 3354 talis
811 3290 883 3356 crvis
906 3298 1050 3377 tamquam
1073 3289 1250 3357 desiderium
1273 3291 1397 3358 candide
1418 3291 1563 3380 profiteri.
1606 3291 1672 3366 Qua
1694 3291 1732 3357 de
1759 3314 1866 3357 caussa
1892 3293 1964 3356 mihi
1993 3293 2109 3357 videtur
2134 3312 2173 3355 ex
2195 3289 2285 3354 animi
2307 3295 2429 3352 senten·

441 3372 486 3440 lie
506 3373 697 3461 respondisse
719 3373 873 3457 Straboni,
894 3374 971 3439 male
992 3375 1176 3440 existimanti
1197 3374 1234 3440 de
1256 3374 1381 3443 Catonis
1403 3375 1580 3464 pervicacia,
1601 3385 1722 3441 auctore
1743 3376 1900 3442 blaerohio
1923 3376 1989 3442 Sat.
2010 3376 2098 3441 Lihr.
2121 3375 2162 3442 ll.
2185 3394 2210 3439 c.
2231 3371 2279 3438 ds
2306 3369 2428 3454 „Quis-

486 3460 723 3539 repraesentem
744 3469 861 3524 ctutum
883 3460 1015 3525 civitatis
1036 3462 1224 3527 commutari
1244 3479 1310 3526 ooo
1331 3462 1416 3543 volt,
1438 3469 1467 3528 et
1488 3461 1563 3527 ciuis
1585 3472 1613 3527 et
1633 3465 1684 3527 cir
1704 3463 1804 3526 henoc
1827 3459 1903 3526 eot.“
1945 3459 1987 3525 Et
2007 3461 2098 3524 hoece
2119 3478 2265 3546 responso
2294 3476 2330 3519 ae
2348 3452 2445 3539 judi-y

439 3562 488 3608 cro
510 3538 547 3606 de
569 3541 746 3628 gravissimo
768 3542 971 3609 Caesarianae
993 3544 1087 3633 partie
1109 3543 1254 3631 quondam
1276 3541 1467 3626 adversario,
1487 3544 1562 3608 setis
1584 3544 1684 3628 serio,
1713 3554 1747 3611 ut
1766 3543 1940 3610 Macrobius
1971 3543 2127 3609 verissime
2157 3542 2287 3623 monuit,
2317 3548 2348 3603 et
2368 3535 2429 3604 Ca·

440 3635 543 3693 terem
563 3624 695 3692 laudavit
716 3639 747 3690 et
767 3626 841 3708 sibi,
862 3645 902 3691 ne
924 3629 989 3714 quis
1011 3628 1185 3710 affectaret,
1206 3649 1257 3694 res
1278 3648 1409 3711 novare,
1430 3626 1591 3694 consuluit.

591 3709 651 3775 llis
672 3710 855 3800 praemissis,
897 3733 952 3775 uae
968 3712 1070 3776 tenuia
1083 3712 1226 3798 historiae
1241 3712 1390 3800 persecuti
1405 3711 1537 3798 vestigia
1551 3711 1735 3799 scripsimus,
1749 3733 1810 3778 nou
1825 3711 1949 3802 amplius
1963 3713 2106 3777 incertum
2123 3733 2192 3778 esee
2209 3717 2316 3799 polest,
2332 3714 2429 3773 uburn

438 3794 597 3879 Catonem
619 3793 796 3864 Censorium
818 3816 857 3863 ac
873 3733 1058 3881 Uticensem,
1077 3795 1177 3863 verbis
1197 3798 1355 3873 „contemti
1368 3799 1464 3865 simos
1478 3799 1537 3864 hec
1552 3795 1687 3865 ιῖιιιιιιιικ
1707 3798 1865 3886 Augustus
1878 3797 2095 3885 significaverit
2106 3807 2137 3863 et
2153 3818 2238 3883 quem
2253 3814 2374 3859 sensum
2389 3792 2429 3855 iis

507 4065 598 4137 7)1ts
619 4068 880 4123 Pseudo-Ueterem
902 4083 999 4122 nemen
1019 4068 1122 4123 invenit
1143 4070 1175 4124 0.
1196 4069 1341 4125 cornuae
1357 4069 1407 4140 (ud
1458 4069 1531 4125 tonis
1545 4070 1608 4140 jure
1624 4069 1696 4139 apud
1712 4069 1816 4124 Interes
1833 4068 1949 4125 dicentb
1963 4070 2087 4135 Augusto
2104 4074 2159 4124 tum
2175 4067 2283 4136 ingrate
2301 4077 2361 4116 esse
2379 4075 2428 4128 10·

437 4136 518 4193 attia
535 4137 610 4190 Libr.
626 4139 647 4191 1.
666 4137 717 4204 Ep.
735 4136 780 4204 lt,
795 4137 822 4205 §.
840 4134 893 4215 6.),
912 4138 963 4191 Tr.
978 4139 1019 4256 pl.
1041 4154 1067 4192 a.
1084 4139 1126 4218 U..
1139 4136 1172 4193 C.
1193 4139 1252 4218 693.
1274 4156 1296 4193 s.
1314 4140 1358 4220 61.
1376 4154 1409 4193 eo
1458 4144 1542 4207 terat,
1559 4138 1697 4195 utstatim
1713 4138 1872 4196 ridebimus.

438 4205 555 4261 rneor
573 4221 597 4257 ιι.
613 4207 647 4257 U.
667 4206 699 4259 C.
717 4204 789 4264 667..
811 4221 857 4272 qur
876 4205 957 4257 valde
992 4206 1077 4258 creba
1094 4207 1218 4260 Ciceroni
1236 4212 1263 4259 et
1281 4222 1407 4260 universe

438 4272 699 4341 honarumpsrtinm
714 4276 768 4324 tam
781 4272 916 4325 studiosus
932 4278 1000 4340 erat,
1017 4279 1047 4326 ut
1060 4272 1146 4327 Caeni
1156 4272 1305 4327 simillimus
1316 4275 1411 4328 existi·
1523 4271 1557 4341 6)
1574 4274 1667 4330 Quare
1683 4273 1831 4341 Angustum
1849 4274 1887 4327 ita
1904 4275 1939 4327 de
1955 4273 2077 4327 Uticensi
2094 4272 2253 4326 sentientem
2275 4285 2328 4322 non
2350 4270 2428 4335 pote·
2509 4301 2512 4308 -

436 4346 569 4404 meretum
587 4340 622 4394 cl.
646 4341 693 4393 Or.
711 4345 772 4407 poet
789 4340 867 4393 redit.
891 4340 918 4392 in
943 4341 1007 4393 Seu.
1026 4357 1050 4395 c.
1066 4342 1097 4408 9,
1114 4342 1159 4395 22.
1191 4343 1279 4395 Notus
1303 4348 1344 4396 est
1365 4346 1405 4396 Μ.
1457 4346 1500 4396 rat
1517 4342 1655 4395 ellendere
1676 4342 1805 4395 Horatios
1829 4360 1908 4411 quum
1933 4348 2043 4395 caneret
2059 4341 2134 4396 Libr.
2156 4343 2177 4393 l.
2196 4340 2249 4394 Οι1.
2266 4339 2308 4391 12.
2321 4351 2352 4390 τ.
2369 4334 2428 4387 ab:

437 4409 600 4475 Matres,
618 4407 652 4460 de
670 4424 722 4476 quo
744 4408 915 4461 Drumannus
937 4408 973 4462 H.
990 4410 1025 4462 R.
1049 4410 1109 4464 Vol.
1127 4410 1173 4463 111.
1195 4425 1223 4478 p.
1239 4412 1274 4464 62
1291 4426 1348 4479 sqq.
1365 4411 1405 4463 Μ.
1456 4411 1605 4463 Romulum
1632 4413 1703 4474 porr
1735 4413 1786 4462 bos
1813 4412 1918 4478 prius,
1948 4426 1987 4461 aa
2017 4411 2140 4477 quietum
2164 4408 2286 4472 Pompili
2308 4415 2427 4467 reynette

438 4477 573 4531 διιιιιιιιιι
598 4474 721 4544 quidam,
745 4476 857 4529 Gelonis
878 4474 988 4543 simius,
1025 4480 1188 4530 memoratur
1215 4492 1232 4529 a
1256 4476 1404 4531 Plutarcho
1457 4491 1625 4544 memorem,
1645 4492 1684 4528 aa
1702 4479 1841 4543 superbos
1859 4479 1998 4543 Tarquini
2014 4479 2125 4543 faeces,
2147 4478 2260 4540 dubito,
2282 4486 2321 4523 aa
2339 4471 2427 4522 Uota

437 4544 500 4599 cst
516 4544 554 4599 Μ.
576 4559 600 4596 c.
617 4544 660 4597 66.
675 4544 719 4598 66.
743 4549 770 4596 et
788 4545 830 4600 72.
865 4543 952 4597 litium
973 4560 1008 4597 ex
1024 4542 1077 4598 hoe
1093 4559 1204 4597 numere
1227 4543 1312 4597 fuisse
1329 4544 1405 4599 ride·
1455 4546 1502 4596 ate
1518 4546 1617 4597 Nobile
1634 4546 1730 4597 recem:
1748 4545 1797 4597 ubi
1813 4546 1898 4597 Poeta
1915 4560 1970 4596 non
1988 4544 2045 4596 sinc
2063 4546 2171 4608 aculeo,
2214 4558 2247 4593 uo
2263 4541 2426 4602 Augustum,

436 4619 480 4666 tur
495 4613 533 4665 Μ.
550 4609 688 4679 Agrippae
705 4611 802 4673 frater,
822 4611 895 4678 cuijus
912 4610 1031 4663 meminit
1046 4611 1176 4666 Nicolaus
1194 4610 1318 4667 Damaso.
1336 4627 1360 4665 c.
1377 4610 1404 4666 7.
1454 4617 1590 4679 uunquam
1613 4611 1761 4676 dominum,
1783 4617 1930 4680 pungeret,
1953 4628 2013 4663 cum
2031 4611 2181 4679 Tarquinio
2225 4608 2337 4674 uperbo,
2359 4618 2426 4681 reqe

434 4679 576 4747 Ejusmodi
592 4680 620 4732 in
636 4681 717 4732 rebus
734 4680 843 4733 minutis
860 4688 887 4732 et
904 4679 1022 4732 externis
1039 4680 1185 4733 imitstores
1207 4684 1234 4732 et
1257 4679 1403 4733 admirato·
1454 4684 1606 4747 postremo,
1631 4680 1766 4747 componit
1790 4695 1894 4732 osorem
1919 4677 2103 4745 gravissimum
2133 4675 2272 4729 servitutis
2297 4672 2425 4751 abtlulto

433 4762 479 4802 res
497 4746 608 4800 Catonis
626 4753 751 4801 notemur
768 4747 857 4801 adhue
874 4748 909 4799 ah
927 4747 1040 4800 Horatio
1057 4746 1132 4800 Libr.
1146 4749 1166 4801 l.
1184 4748 1235 4816 llp.
1249 4749 1291 4801 19.
1308 4763 1334 4800 v.
1346 4749 1403 4802 12.ι
1455 4747 1574 4800 Caesare
1589 4748 1625 4800 im
1645 4746 1731 4799 ositae
1748 4753 1776 4799 et
1793 4746 1873 4813 brrjus
1891 4746 1982 4799 nobile
1999 4747 2081 4798 letum
2100 4741 2363 4813 opponit'l'arqninn
2381 4754 2427 4790 eu·

435 4815 528 4881 ostri,
546 4816 637 4882 cipeto
658 4818 738 4868 υιιιιιι
760 4820 843 4868 torro
863 4818 949 4881 feroc
973 4818 1003 4867 et
1022 4816 1094 4879 pede
1113 4817 1191 4867 mado
1214 4817 1403 4882 Ectpoaeqoe
1453 4815 1545 4883 perbis
1562 4764 1689 4867 leseillus.
1724 4814 1825 4882 injurie
1842 4814 2046 4881 Peerlkampius
2072 4819 2154 4865 totum
2176 4811 2247 4864 hune
2269 4812 2358 4862 locum
2381 4807 2424 4885 in·

434 4887 521 4950 tanae
541 4884 654 4935 ιιιιιιιιιι
682 4887 794 4965 tectore
822 4885 979 4950 Catonem,
1006 4884 1179 4937 υιιιιιιειιιιιο
1205 4885 1405 4951 repraesentet
1453 4882 1530 4936 duxit
1545 4882 1845 5006 negsqitquepnequsm
1862 4899 1906 4951 ap.
1923 4881 2065 4935 Horetium
2082 4879 2217 4946 Uticensis
2233 4877 2293 4931 lieri
2311 4879 2425 4991 mentuq-

432 4951 760 5085 mffiieollilllglllids,
784 5016 832 5086 qui
850 5016 1010 5097 Censorium
1027 5016 1096 5097 Aen.
1111 5017 1157 5072 vl.
1178 5034 1205 5072 v.
1221 5016 1281 5074 ele.
1299 5017 1347 5071 sint
1368 5016 1404 5071 li-
1452 4967 1523 5071 iili
1531 4948 1963 5072 ¹Ulrlcslellebrl‘altrolcliliulirrltnsitlls
1983 4952 2425 5094 UcUlerscdillllllqdddrdldllllsddihi

433 5082 502 5142 citer
517 5100 651 5150 ηιιιριιιιιιι
673 5086 788 5151 salutet,
813 5086 848 5137 de
865 5084 992 5146 ‚Uticensi
1014 5092 1085 5139 cauit
1105 5089 1174 5139 Aen.
1191 5087 1262 5140 vlu.
1280 5101 1307 5139 v.
1323 5035 1400 5141 clo:
1451 5084 1574 5154 potuisse
1590 5086 1651 5139 sine
1668 5086 1833 5151 offensione,
1851 5086 1981 5153 siquidem
2000 5088 2090 5137 uiroc
2110 5083 2182 5163 ¹¹·.¹·
2198 5083 2338 5158 srgrrrlicet¹
2353 5093 2427 5143 eum,

432 5157 484 5223 „el
500 5157 545 5220 ιι,
563 5153 707 5220 camma,
723 5154 833 5206 ιιιιιιαοι
853 5155 1022 5206 Pendentem
1038 5155 1171 5218 scopulo,
1188 5154 1402 5220 netarumque
1451 5152 1499 5273 qni
1516 5153 1554 5206 uti
1571 5154 1688 5207 noluerit
1703 5153 1847 5207 clementia
1864 5156 1907 5207 rel
1923 5153 2042 5207 amicitia
2059 5151 2183 5206 victoris!
2201 5150 2257 5204 Sed
2275 5154 2372 5201 rectius
2388 5145 2423 5196 de

431 5232 489 5275 cra
514 5225 677 5275 vomentem
702 5225 890 5287 secretosque
910 5223 991 5283 ptos:
1014 5222 1059 5272 lete
1087 5223 1202 5273 dantera
1217 5218 1292 5285 jora
1314 5223 1402 5275 Cato-
1464 5220 1537 5273 eroci
1554 5226 1582 5274 et
1597 5221 1777 5288 imperterrito
1795 5221 1885 5277 enimc
1902 5221 2015 5276 Catonis
2038 5222 2074 5273 ob
2098 5219 2230 5273 libertatis
2254 5229 2371 5269 amorem
2387 5216 2423 5292 ,et

430 5287 541 5344 κατ’(
560 5286 876 5355 ethurtcconrtentem‚
895 5287 1004 5345 durnin
1028 5286 1099 5341 viris
1122 5294 1196 5354 eret,
1218 5286 1321 5342 virtutis
1343 5289 1402 5341 cul·
1450 5286 1559 5341 virtutis
1575 5287 1765 5342 conscientiam
1783 5289 1884 5356 accipit
1899 5288 2027 5342 Orellius.
2062 5289 2206 5342 Caeterum
2223 5284 2424 5349 Peerlkampro,

431 5362 518 5411 torem
535 5354 608 5409 hand
623 5356 722 5410 inseite
738 5356 803 5411 facit
819 5356 968 5409 lnierorum
981 5354 1100 5421 judicem
1117 5371 1229 5424 comque
1246 5354 1317 5408 iuter
1333 5354 1400 5409 Pios
1451 5354 1564 5422 negssti
1580 5355 1711 5409 Catonem
1727 5356 1881 5409 Uticensem
1898 5363 2041 5423 praeterea
2063 5354 2167 5408 leudsri
2189 5371 2205 5406 a
2222 5354 2308 5407 Poeta
2331 5349 2425 5402 Venu-

488 5423 509 5476 ‘t
524 5423 592 5477 nihil
609 5439 705 5478 cornus
722 5425 780 5490 ejus
796 5419 982 5489 αὐτοχειρίαν,
1008 5439 1063 5491 qna
1079 5422 1187 5476 Piorum
1209 5422 1274 5475 sede
1292 5421 1401 5475 excludi
1451 5422 1510 5476 sino
1526 5421 1556 5476 io
1574 5423 1654 5490 Odis,
1671 5440 1773 5505 repono
1797 5424 1875 5481 Libr.
1891 5426 1923 5477 ll.
1949 5425 2002 5478 0d.
2024 5426 2052 5478 2.
2075 5439 2102 5477 v.
2125 5422 2248 5476 17-24.
2267 5425 2294 5472 et
2311 5417 2363 5470 0d.
2379 5414 2424 5470 24

487 5492 581 5545 uisset:
600 5491 654 5546 rid.
671 5494 740 5546 Aen.
757 5494 800 5546 Vl.
817 5491 970 5559 mlbdsq.
1005 5490 1059 5544 Sed
1078 5490 1185 5544 Stoicus
1210 5506 1289 5558 quum
1308 5491 1342 5542 oh
1366 5488 1400 5542 li·
1451 5505 1478 5545 v.
1496 5490 1529 5543 61
1547 5506 1603 5571 sq,
1619 5490 1649 5543 in
1667 5494 1764 5560 quibus
1782 5492 1846 5546 mihi
1863 5508 1918 5546 non
1944 5491 2055 5545 dubium
2079 5496 2121 5543 est
2145 5489 2208 5558 quin
2231 5489 2333 5541 Poetae
2353 5484 2425 5537 scri·

428 5559 543 5614 bertetis
560 5559 696 5613 interitum
713 5561 794 5614 simul
811 5558 968 5625 interiisset,
991 5560 1188 5640 epitomatice
1206 5563 1234 5612 et
1256 5557 1400 5612 excusatos
1450 5556 1540 5611 bentis
1558 5573 1647 5612 acerno
1665 5561 1823 5614 obversatus
1840 5559 1922 5613 luerit
1938 5559 2010 5614 idem
2020 5559 2068 5613 ille
2086 5558 2166 5623 Cato,
2185 5573 2264 5625 quem
2281 5556 2425 5608 eamean

424 5633 491 5684 ent
506 5632 535 5684 et
551 5626 718 5686 nobilitatos.
751 5628 860 5697 Neque,
883 5633 915 5682 ut
936 5628 1047 5683 sermm
1064 5626 1204 5697 opinetur,
1226 5625 1328 5682 mendo
1345 5626 1401 5682 ce-
1450 5626 1549 5686 ctera
1564 5628 1718 5695 inoptam
1734 5630 1854 5700 appellet
1870 5629 1980 5686 Seneca
1992 5628 2028 5683 de
2040 5627 2142 5697 l'can.
2153 5626 2281 5683 Asinum.
2296 5623 2339 5679 1⁶.
2357 5619 2425 5692 ιι.
