5717 6575
418 622 522 704 'uuo
1178 618 1182 625 '
1226 635 1457 706 excussus
1479 635 1645 707 ramus

440 825 620 912 subjeceritl
640 821 782 891 Censorii
803 842 913 889 nomen
929 823 993 909 jam
1013 821 1126 912 pridem
1148 821 1301 892 Uticensis
1324 825 1508 914 praestantia
1537 824 1578 890 ali
1599 821 1750 891 uantulum
1781 823 1969 891 obscuratum
1999 822 2037 889 ad
2064 821 2146 889 illan
2162 833 2305 891 testatem
2329 798 2462 915 perve-¹

439 913 534 994 nisse,
554 911 587 976 iu
608 909 709 998 aprico
731 923 796 988 est3
817 915 923 974 contra
945 908 1032 994 hujus
1053 911 1194 975 mensoria
1214 908 1440 981 recensadbuc
1460 911 1492 974 in
1514 931 1645 977 omarum
1667 909 1773 976 animis
1796 910 1919 997 vigebat
1933 919 1964 975 et
1980 909 2121 975 factionis
2136 908 2344 977 Caesarianae
2360 912 2437 989 suri,

430 1016 493 1065 cos
512 995 637 1096 propius
664 991 718 1058 illo
746 993 932 1080 attingebat,
958 1014 998 1059 ue
1019 992 1132 1078 dicam,
1161 993 1327 1060 clanculum
1356 995 1452 1063 adbuc
1481 994 1644 1061 mordebat
1693 993 1841 1061 Catonem
1867 995 1962 1082 igitur
1983 992 2155 1060 Uticensem
2185 994 2272 1061 mode
2300 994 2437 1100 intelligi

480 1094 574 1148 tunsae
595 1081 632 1144 ab
653 1077 795 1164 Augusto
815 1099 941 1164 regnum
963 1075 1088 1167 adepte,
1110 1079 1299 1144 manifestum
1328 1086 1384 1145 est.
1428 1078 1545 1146 Sensus
1574 1089 1672 1145 autem
1698 1078 1781 1144 illius
1810 1078 1882 1144 dicti
1912 1099 1981 1144 nunr
2010 1086 2093 1144 recte
2121 1099 2141 1143 a
2169 1077 2319 1146 Suetonio
2338 1080 2434 1148 lueret

440 1178 614 1257 perspectus
636 1172 666 1230 st
687 1161 869 1251 explicatus,
891 1162 1049 1244 addubito;
1070 1164 1140 1228 milti
1162 1172 1244 1228 certe
1265 1162 1338 1229 illud
1360 1164 1397 1228 ab
1419 1164 1505 1229 initio
1528 1184 1587 1230 nou
1611 1172 1670 1229 taut
1692 1162 1840 1229 derebus
1862 1184 1948 1250 quam
1969 1165 2069 1252 petius
2090 1160 2128 1227 dc
2148 1166 2307 1253 personis,
2329 1163 2369 1229 de
2390 1167 2433 1231 ci-

436 1254 522 1319 vibus
544 1249 630 1317 bouis
652 1247 769 1313 videtur
791 1258 957 1346 usurpatum
982 1268 1059 1314 csse.
1103 1247 1178 1314 Utut
1198 1258 1263 1331 est,
1284 1247 1477 1334 rejiciendam
1498 1270 1567 1315 esse
1587 1250 1866 1338 interpretationem
1888 1246 2026 1313 Turnebi
2048 1246 2176 1314 Adsere.
2198 1248 2288 1317 Libr.
2310 1249 2431 1320 XXIV.

440 1350 466 1403 c'.
492 1336 541 1402 15.
564 1341 698 1422 apertum
720 1331 1110 1420 est,acc1pientisnomen
1132 1330 1259 1399 Catonis
1279 1348 1345 1397 cum
1368 1333 1557 1399 cavillatione
1579 1333 1704 1420 quadam
1726 1334 1786 1412 τῆς
1813 1331 2025 1417 αὐτοχειρίας
2046 1332 2131 1484 prasi
2157 1332 2258 1399 dicere
2285 1333 2431 1402 voluerit:

440 1426 571 1489 levamus
594 1421 667 1483 haec
687 1437 781 1503 aeque
803 1417 902 1481 anime
923 1436 979 1482 uec
1000 1417 1086 1482 nobis
1109 1426 1232 1482 mortem
1262 1418 1499 1484 consciscamusa
1532 1419 1607 1484 setis
1634 1420 1676 1483 eit
1703 1440 1792 1483 uuum
1822 1419 1878 1484 boc
1907 1417 2019 1483 secisse
2075 1427 2201 1485 atonem.
2256 1420 2304 1484 Ae
2325 1421 2355 1485 si
2376 1420 2433 1488 Cu-

439 1509 591 1574 saubenus
613 1502 796 1590 suspicatur,
818 1502 958 1587 Augusto
980 1521 1088 1567 nemen
1110 1501 1235 1568 Samnis
1257 1501 1391 1568 odiosum
1412 1524 1448 1567 ac
1470 1502 1691 1591 contemptibile
1712 1503 1826 1586 lubae,
1856 1500 1934 1589 quud
1955 1503 2135 1590 proverbiali
2164 1523 2219 1569 usu
2240 1505 2339 1592 magis
2371 1528 2431 1571 ma-

440 1593 547 1680 gisque
572 1588 708 1653 voluerit*
730 1586 868 1650 deterere
895 1584 1004 1671 aedes
1027 1586 1117 1651 icatui
1138 1587 1265 1669 babere,
1293 1586 1408 1652 fallitur
1435 1608 1490 1652 nec
1510 1588 1586 1652 satis
1602 1588 1730 1652 animum
1752 1586 1881 1652 attendit
1902 1584 1941 1651 ad
1963 1595 2095 1676 tempora
2116 1606 2217 1653 eorum
2239 1610 2277 1653 ue
2299 1597 2429 1656 nauus

406 1712 411 1723 ·
437 1677 591 1755 rationes,
632 1669 863 1736 uibus.calidior
883 1670 1017 1757 Augusti
1037 1671 1152 1736 animus
1175 1680 1206 1735 et
1227 1670 1337 1739 Catoni
1365 1670 1473 1737 iratior
1489 1672 1552 1757 jaus
1581 1669 1689 1736 dudum
1719 1670 1909 1737 deterbuerat
1930 1677 1962 1736 et
1990 1672 2023 1736 iu
2052 1671 2172 1736 tacitam
2201 1610 2427 1740 almirauenen

438 1784 475 1826 ac
496 1757 638 1827 desiderti
659 1756 798 1821 affectum
820 1755 945 1821 abierat
986 1754 1155 1827 verissima
1182 1754 1351 1821 Beroaldus
1377 1757 1547 1839 existimat,
1572 1755 1660 1842 bajus
1687 1756 1833 1821 formulae
1861 1755 2009 1843 originem
2037 1763 2182 1843 sumptam
2211 1777 2283 1822 esse
2309 1760 2348 1823 ab
2377 1759 2429 1826 ho·

434 1866 527 1930 nore,
547 1862 633 1930 quem
655 1842 810 1926 Augustus
832 1847 894 1905 tum
916 1836 1053 1906 Uticensi
1073 1840 1194 1905 deterre
1214 1841 1319 1906 solitus
1341 1840 1447 1907 fuerit:
1470 1840 1499 1906 id
1516 1847 1615 1907 autem
1637 1841 1747 1905 sactum
1768 1858 1837 1906 esse
1852 1849 1923 1928 pute
1946 1838 2060 1905 demum
2082 1849 2151 1928 post
2171 1860 2303 1929 pugnam
2323 1841 2429 1909 Actia·

438 1952 514 1996 cam.
557 1924 645 2000 tluod
671 1925 699 1990 si
725 1922 897 1990 verisimilis
926 1934 973 1989 est
1001 1927 1173 2010 conjectura
1199 1924 1372 2002 casauboni
1402 1926 1573 1991 scribentis:
1603 1924 1787 2013 „Augustus
1816 1924 1933 2012 quando
1964 1925 2110 1989 bominem
2142 1926 2287 1991 mediocri
2317 1928 2428 1994 virtuts

437 2011 604 2105 praeditum
625 2010 658 2074 in
680 2009 821 2075 Senatum
845 2008 968 2094 legebat
988 2009 1039 2077 vel
1061 2009 1188 2075 Senatui
1209 2020 1261 2075 aut
1281 2010 1415 2075 tribubus
1444 2009 1684 2093 commendabat,
1715 2009 1816 2074 dicere
1838 2009 1970 2075 solebat:
2001 2009 2133 2075 contenti
2163 2010 2255 2076 simus
2286 2012 2343 2077 buc
2372 2012 2429 2081 Cu·

438 2098 549 2177 tone;“
569 2118 586 2160 e
609 2094 705 2160 uidem
726 2094 758 2158 in
779 2093 965 2179 conjiciendo
987 2093 1106 2181 lougius
1147 2115 1308 2182 regressus
1330 2093 1489 2176 contendo,
1509 2095 1679 2180 Augustum
1701 2095 1745 2161 uti
1767 2093 1880 2159 demum
1903 2094 2040 2181 coepisse
2060 2093 2113 2157 illa
2134 2094 2263 2161 termula
2286 2116 2316 2162 a.
2331 2095 2371 2164 U.
2390 2095 2425 2165 (i.

438 2183 512 2251 726.
528 2202 554 2248 s.
610 2200 661 2245 .a.
677 2177 762 2259 Chr,
785 2198 842 2264 quo
861 2199 940 2243 anne
955 2177 1070 2245 Consul
1085 2115 1146 2248 vll
1163 2179 1372 2267 rempublicam
1392 2178 1530 2244 civilibus
1552 2178 1669 2244 tundent
1690 2179 1781 2244 armis
1802 2180 1925 2260 fessam,
1946 2179 2065 2245 nemine
2085 2174 2248 2267 Principis,
2268 2180 2432 2270 prudenter

437 2282 802 2419 {ttlttt‘ttttt'ttt
818 2262 992 2412 bilibit
1013 2261 2428 2436 tittttttttttttrtttsstt‘attalattttttt‘tt‘ttbtttl·

440 2436 478 2503 sd
499 2431 717 2521 designandum
738 2433 851 2514 civem,
871 2452 930 2518 quo
951 2394 1059 2498 melior
1088 2454 1125 2497 ac
1151 2432 1354 2521 praestantior
1382 2434 1414 2496 in
1443 2452 1527 2498 suam
1556 2439 1685 2497 aetatem
1712 2452 1772 2497 uon
1801 2367 1903 2514 cadat,
1925 2433 1972 2498 ita
2000 2430 2156 2497 dictitasse
2180 2440 2212 2498 et
2238 2435 2427 2524 scriptitasse

440 2521 567 2608 aliisque
595 2518 707 2606 primus
736 2516 865 2582 omnium
893 2536 995 2582 ausam
1025 2517 1249 2606 exernplumque
1276 2516 1469 2616 praebuisse,
1498 2536 1555 2604 que
1584 2516 1663 2584 (latu
1691 2535 1752 2582 nou
1779 2517 1905 2607 amplius
1928 2516 2074 2600 bominis,
2102 2516 2155 2583 sed
2181 2514 2279 2606 ipsius
2307 2521 2425 2587 virtutis

433 2626 549 2672 nomen
570 2602 666 2669 lieret
685 2604 727 2681 ¹⁰)
770 2600 855 2675 onae
878 2611 1017 2688 quautam
1038 2603 1149 2666 babeat
1168 2601 1423 2691 probabilitatem,
1453 2621 1493 2666 ex
1519 2622 1555 2667 eo
1583 2612 1722 2689 apparet,
1753 2603 1822 2687 quia
1849 2622 1936 2667 nemo
1963 2602 2141 2689 scriptorum
2164 2614 2234 2681 aute
2255 2604 2426 2694 Augustum

438 2690 573 2756 neutrius
595 2687 714 2751 nornine
737 2682 864 2751 Catonis
885 2686 1064 2774 appellative
1085 2707 1156 2752 tusus
1178 2695 1241 2769 est,
1272 2695 1303 2751 et
1332 2698 1440 2774 poetae
1461 2686 1549 2772 primi
1578 2689 1632 2751 sub
1661 2685 1749 2750 finem
1770 2685 1945 2772 Augusteae
1974 2687 2082 2750 aetatis
2115 2689 2192 2750 bunc
2220 2708 2305 2753 usnur
2335 2691 2426 2756 intro·

437 2776 588 2842 eluxerunt
609 2780 640 2835 et
659 2772 898 2856 frequentarunt.
940 2770 1021 2852 dam,
1043 2772 1270 2858 ingravescente
1290 2780 1397 2859 postea
1417 2772 1450 2835 in
1472 2769 1536 2835 dies
1558 2769 1677 2851 lunaria
1698 2792 1870 2857 morumque
1892 2771 2071 2858 corruptela,
2092 2790 2147 2858 per
2168 2772 2289 2838 eosdem
2303 2775 2426 2842 semoris

438 2860 546 2927 aetatis
569 2857 732 2941 scriptores
752 2853 865 2918 factum
887 2872 956 2918 csse
977 2866 1066 2942 pute,
1088 2863 1121 2919 ut
1141 2855 1228 2918 etiam
1245 2853 1392 2921 Censorii
1414 2875 1523 2919 uomen
1544 2855 1575 2919 iu
1598 2853 1729 2938 ejusdem
1762 2856 1959 2941 appellativae
1983 2855 2112 2920 audonis
2142 2857 2224 2920 velut
2251 2859 2423 2924 societatem

438 2948 640 3009 assumeretur
662 2947 709 3020 et,
732 2938 847 3024 quoties
869 2938 915 3002 vir
936 2938 1096 3021 honestus,
1117 2939 1407 3025 antiquismoribus,
1429 2959 1552 3004 severus
1574 2960 1609 3002 ac
1626 2958 1760 3002 morosus
1783 2944 1865 3003 etset
1886 2938 2121 3025 significandus,
2140 2942 2182 3019 ¹¹)
2204 2953 2330 3029 uterque
2348 2942 2423 3011 Cato

438 3027 551 3092 utrovis
572 3044 695 3089 ursmare
712 3023 894 3107 jungeretur
915 3023 974 3104 sic,
996 3033 1029 3087 ut
1050 3025 1207 3131 praecipue
1228 3023 1266 3086 de
1286 3022 1383 3087 altero
1406 3032 1471 3087 utro
1495 3020 1582 3088 bodie
1603 3042 1638 3085 ce
1663 3021 1793 3085 itandum
1815 3024 1864 3088 sit
1909 3023 1967 3087 llis
1989 3023 2109 3109 scriptis
2131 3025 2203 3089 mibi
2230 3025 2336 3093 videor
2363 3028 2423 3116 pla-

437 3132 507 3177 num
530 3110 639 3174 iecisse
662 3115 693 3170 et
713 3092 854 3188 evidens,
876 3105 956 3170 illum
980 3108 1108 3171 neminis
1132 3107 1291 3178 taeniam
1313 3107 1512 3193 significatum
1534 3042 1750 3195 proverbialem
1771 3109 1808 3171 ab
1833 3106 1969 3173 Uticensi
1991 3107 2108 3172 ductum
2131 3130 2201 3174 csse
2227 3118 2259 3175 et
2280 3113 2423 3197 originem

436 3194 578 3261 babuisse
599 3212 653 3278 per
675 3193 842 3277 Augustum
865 3199 896 3255 et
917 3190 972 3255 sub
994 3193 1058 3277 eius
1079 3192 1196 3279 imperii
1216 3190 1336 3267 demum,
1353 3193 1442 3256 finem
1462 3192 1495 3257 in
1522 3188 1765 3256 consuetudinem
1791 3193 1923 3257 venisse.
1965 3190 2094 3275 Restat,
2122 3203 2172 3278 ut,
2202 3216 2278 3281 quac
2306 3197 2423 3286 scripsi,

437 3278 551 3366 aliquot
572 3276 749 3363 scriptorum
771 3273 847 3340 lucis
870 3278 1068 3365 comprobem.
1121 3305 1125 3312 ¹

591 3360 749 3427 Ordiamur
770 3381 789 3424 a
810 3357 854 3424 M.
877 3359 1023 3444 Manilio,
1046 3383 1131 3449 quem
1153 3362 1219 3427 lere
1240 3362 1271 3427 in
1294 3362 1442 3428 confessis
1465 3369 1513 3444 est
1532 3360 1771 3427 Astronouriceiu
1792 3360 1885 3428 libros
1907 3362 1963 3428 sub
1985 3362 2125 3451 Augusto
2153 3363 2278 3453 ejusque
2300 3366 2422 3458 imperio

436 3451 500 3516 sive
522 3448 645 3512 ineunte
666 3445 730 3536 sive
752 3455 881 3511 exeunte
903 3446 1074 3534 scripsisse.
1117 3447 1150 3511 Is
1171 3447 1261 3512 Libr.
1282 3447 1338 3517 IV.
1358 3467 1388 3512 v.
1409 3445 1463 3514 86.
1485 3446 1580 3512 cauit:

945 3563 1039 3641 Quod
1060 3564 1170 3630 Decies
1191 3583 1258 3629 aea
1280 3583 1371 3630 ornae
1392 3566 1477 3646 tulit,
1497 3582 1565 3629 aea
1587 3581 1677 3644 omae
1699 3563 1845 3631 Camillos
1929 3625 1931 3632 .

948 3649 1098 3733 Teraptts,
1120 3659 1148 3715 et
1168 3650 1287 3715 inuicto
1308 3651 1461 3716 deuictum
1482 3658 1581 3716 mente
1603 3648 1769 3715 Catonem:

943 3733 1091 3802 Materies
1112 3735 1147 3799 iu
1167 3753 1233 3800 rem
1254 3743 1395 3817 superat,
1415 3753 1466 3799 res
1488 3735 1549 3818 leot
1570 3745 1732 3817 repupact.

436 3855 521 3922 llaec
542 3854 656 3941 scripta
676 3873 763 3935 esse,
792 3852 914 3917 virente
943 3851 1039 3917 adhuc
1061 3852 1213 3919 Uticensis
1235 3853 1378 3918 memoria
1407 3859 1496 3939 atque
1523 3850 1737 3935 admiratione,
1765 3851 1868 3939 liquet.
1903 3835 1983 3920 'lan
2005 3854 2093 3920 Libr.
2114 3855 2140 3923 Ι.
2162 3877 2191 3922 v.
2213 3853 2288 3923 795.
2310 3858 2422 3925 Fortu·

316 4021 322 4028 Δ
435 3959 497 4007 aee
517 3941 619 4010 victor
640 3937 806 4026 appellatus
823 3905 928 4001 luerat
948 3936 1116 4035 ablanilio
1138 3946 1371 4035 ansuescente
1395 3938 1525 4036 augusti
1548 3936 1756 4036 offensionem·
1773 3946 1803 4002 et
1824 3938 1908 4002 iram.
1951 3938 2122 4005 Memorato
2150 3939 2178 4004 di
2205 3963 2260 4006 nus
2282 3953 2331 4009 est

433 4026 545 4092 Decies
568 4032 599 4088 at
622 4022 767 4120 Gmaillos
787 4021 937 4086 Numerus
959 4044 1006 4086 srn
1031 4019 1122 4119 talarus
1145 4041 1273 4085 nements
1297 4018 1466 4119 llutouranr.
1486 4023 1544 4119 12).ο
1570 4020 1697 4086 dlamlto
1714 4022 1777 4120 ‘luc
1802 4022 1942 4086 succedat
1969 4022 2143 4109 Phaedrus,
2167 3962 2303 4113 lugusti
2335 4028 2420 4095 liber·

434 4123 498 4190 tus,
520 4129 605 4195 quem
626 4105 768 4194 plurumas
790 4104 908 4169 subulas
931 4106 985 4169 sub
1008 4043 1136 4172 liberto
1159 4125 1361 4192 composuisse
1383 4112 1515 4170 constat:
1535 4125 1562 4169 ts
1586 4126 1661 4192 ergo
1682 4105 1771 4171 Lubr.
1792 4104 1848 4174 lv.
1870 4106 1908 4173 F.
1925 4105 1960 4173 7.
1983 4127 2010 4173 v.
2033 4108 2105 4181 2l.t

437 4273 608 4289 Μ

501 4358 550 4428 10)
566 4363 597 4421 lu
613 4357 666 4412 ltac
683 4359 752 4410 enim
771 4357 886 4410 tornrula
902 4356 968 4409 mibi
985 4355 1092 4424 videtur
1108 4356 1198 4410 inesse
1215 4373 1270 4412 vox
1279 4357 1404 4424 judieau-
1452 4357 1622 4413 manifestum
1641 4364 1695 4425 est,
1714 4359 1831 4414 Catones
1849 4376 1909 4413 esse
1927 4360 2037 4429 proprie
2055 4378 2134 4415 seusu
2146 4363 2310 4419 Censorium
2327 4367 2420 4424 etuti·
2483 4405 2488 4414 -

434 4433 484 4498 ris,
502 4433 559 4484 wir
576 4431 691 4481 dtamen
707 4427 858 4493 ausrtetlea
881 4441 958 4490 seper.
980 4425 1101 4491 *Qunam
1124 4432 1271 4495 praeeunte
1291 4426 1403 4484 (luden-
1454 4443 1577 4493 censem,
1596 4428 1691 4496 quibus
1708 4426 1812 4482 Natura
1830 4429 1959 4482 tribuerat
1976 4431 2098 4482 strictas
2112 4433 2241 4495 pondere
2256 4441 2380 4504 meatu,
2394 4443 2422 4491 ut

434 4500 545 4567 (turpio,
561 4500 651 4550 straus
669 4512 717 4562 pro
735 4509 833 4547 sumus
850 4493 962 4559 retinui,
982 4494 1028 4563 qui
1052 4495 1205 4548 Burmanno
1229 4499 1301 4548 recte
1326 4496 1404 4549 eblo·
1453 4494 1492 4548 sit
1508 4495 1635 4549 Manilius
1652 4497 1727 4551 Lihr.
1744 4497 1765 4552 l.
1783 4514 1808 4550 v.
1827 4498 1885 4553 769.
1920 4497 2022 4551 Contra
2035 4497 2126 4566 priore
2138 4499 2199 4554 loco
2221 4517 2248 4559 v.
2262 4502 2324 4558 teu
2343 4504 2421 4560 intel-

435 4573 525 4634 cutus,
542 4567 623 4634 „Nou
642 4565 727 4626 enim,
745 4562 845 4631 iuquit,
864 4562 907 4614 laic
925 4563 982 4628 agit
1006 4563 1151 4615 Suetonius
1173 4563 1208 4615 de
1230 4564 1288 4629 cjtrs
1310 4565 1404 4615 elucu—
1452 4563 1578 4630 ligeudus
1596 4570 1652 4632 est,
1669 4564 1830 4633 melodice,
1848 4582 1917 4618 uuus
1936 4565 2093 4621 Censorius.

434 4637 507 4689 tione
524 4651 571 4686 sen
590 4630 727 4712 scribendi
750 4633 869 4709 ratione,
891 4631 938 4683 sed
966 4631 1001 4683 de
1023 4630 1165 4683 sententiis
1188 4631 1346 4684 notabiliter
1368 4632 1426 4706 ab¹
1522 4664 1569 4731 12)
1588 4665 1690 4719 com
1711 4666 1756 4734 qui
1777 4665 1891 4719 dimidio
1912 4666 1970 4719 sm
1987 4669 2096 4720 saeculo
2141 4673 2185 4721 m
2204 4670 2347 4726 Manium
2370 4675 2419 4727 fl.-

431 4706 493 4774 ΨΟ
512 4698 844 4769 v²¹1’¹¹¹¹¹⁰¹¹⁵¹¹¹1'³¹¹⁸·“
1454 4732 1507 4785 mre
1531 4736 1562 4785 n.
1584 4734 1700 4800 seneca,
1723 4734 1832 4801 sermm
1853 4735 1938 4802 ttpist.
1957 4737 2063 4790 xcvu.
2081 4685 2165 4805 §.b-
2185 4740 2297 4803 ’,μω
2314 4743 2421 4806 aspa

500 4802 547 4870 11)
563 4802 679 4870 Propter
690 4816 855 4854 communem
871 4799 979 4869 utrique
995 4801 1165 4852 severitatem
1181 4805 1208 4852 et
1220 4800 1400 4852 austeritatem
1454 4803 1568 4853 Clodtes
1581 4803 1654 4867 sert,
1668 4805 1718 4853 sed
1731 4817 1787 4853 mea
1805 4817 1884 4853 omae
1899 4807 2007 4866 tempus
2023 4803 2193 4856 σωθῆναί(
2205 4812 2233 4858 et
2245 4805 2420 4876 septam

433 4873 483 4926 sub
497 4868 621 4939 Cepheos
639 4884 699 4922 cum
715 4868 834 4946 Qtrario
852 4875 910 4920 ortu
929 4867 983 4920 nuti
1002 4869 1085 4921 luisse
1103 4871 1238 4934 linguntur
1256 4868 1402 4920 Censorius
1454 4865 1480 4934 5.
1497 4868 1555 4921 20.:
1577 4871 1721 4936 „Qtttdam
1740 4872 1861 4922 alterata
1883 4873 2008 4938 t'attatt,
2027 4873 2143 4937 quidam
2160 4874 2284 4925 attmte
2301 4878 2420 4929 Caeneo

433 4951 461 4993 ct
477 4938 608 4996 Uticensis
627 4952 643 4989 a
660 4935 773 4988 orantus
790 4936 863 4988 Libr.
883 4936 914 4988 V.
933 4949 957 4988 v.
980 4937 1052 4989 dib:
1077 4938 1288 5001 „secreuisse
1305 4949 1403 4986 means
1454 4935 1564 4986 arant:“
1584 4938 1627 4988 obi
1638 4937 1741 4991 Clodiis
1759 4943 1787 4987 et
1805 4938 1916 4989 Vatiniis
1946 4939 2050 4991 civibus
2068 4939 2266 5008 perditissimis,
2283 4957 2320 5012 op
2358 4957 2420 4998 nn·

433 5003 906 5073 emtaasuaaamststqsarta'aa
923 5006 1049 5054 debitia
1071 5008 1163 5054 trusum
1181 5017 1283 5056 ratores.
1317 5005 1406 5056 Facit
1455 5010 1498 5055 tar
1516 5006 1640 5056 octones
1656 5005 1673 5057 i.
1693 5022 1717 5057 e.
1734 5011 1844 5072 uterque
1861 4973 1967 5073 quitiam
1986 5009 2058 5060 vetto
2083 5009 2130 5058 sed
2150 5009 2299 5077 praecipue
2342 5012 2419 5064 deau-

434 5091 489 5128 era
498 5087 618 5127 secares.-
632 5075 752 5122 Frenetes
765 5086 802 5121 ue
816 5074 912 5122 cottas
922 5074 1069 5135 composuit
1077 5075 1202 5136 prestatura
1214 5074 1327 5125 mentis.
1344 5074 1404 5124 Pa·
1455 5071 1507 5136 sis,
1525 5073 1631 5125 tunicum
1649 5073 1714 5125 illud
1734 5073 1829 5126 civium
1853 5082 1880 5125 et
1897 5074 2021 5125 virtutum
2042 5078 2188 5142 exemplar.
2223 5077 2327 5131 Contra
2344 5091 2420 5150 prus-

432 5149 552 5197 sceatus·
576 5143 672 5205 cums,
704 5143 884 5203 ceteramque
913 5143 1042 5203 «incaepta
1066 5143 1214 5192 svecteeat
1236 5143 1353 5204 Sentpet·
1376 5143 1405 5191 et
1454 5142 1575 5207 pollente
1599 5141 1727 5193 Censoris
1752 5141 1861 5193 notione
1889 5141 1997 5209 scripsit
2023 5143 2161 5195 luvenalis
2182 5145 2239 5197 Sat.
2263 5145 2295 5200 ΙΙ.
2320 5164 2345 5199 s.
2362 5145 2418 5204 lde

433 5213 546 5278 aattqttt
569 5209 726 5259 laudabunt
751 5209 840 5257 certa
862 5208 994 5273 carosus,
1023 5209 1193 5273 Tuturtsqne
1215 5209 1403 5272 cooperculum
1457 5209 1590 5275 „Feltria
1608 5212 1737 5272 tempora
1754 5223 1828 5275 putas
1845 5214 1871 5262 te
1889 5212 2018 5261 Maribam
2042 5215 2204 5275 oppresserat!
2231 5215 2419 5280 damastes

430 5281 566 5345 saeratae
587 5280 761 5340 rimarem:
784 5275 823 5326 sic
848 5289 896 5341 pro
927 5276 1053 5338 ciperem
1076 5277 1161 5327 edidit
1182 5275 1334 5340 Brattrjus,
1359 5276 1402 5327 cui
1454 5277 1543 5326 ltomn
1560 5280 1711 5340 praetorem:
1737 5280 1852 5331 Tertius
1875 5292 1890 5327 e
1913 5281 1992 5329 coeto
2015 5280 2120 5331 recidit
2143 5279 2251 5331 tmro.“
2286 5284 2318 5336 ld
2341 5285 2418 5353 pasto

432 5347 526 5400 merito
550 5345 664 5396 accessit
685 5342 802 5395 Otettius
830 5342 866 5393 erl
888 5342 996 5393 Horatii
1021 5343 1096 5395 Libr.
1118 5344 1163 5396 ill.
1191 5344 1246 5395 0d.
1266 5345 1306 5395 12.
1326 5359 1351 5395 s.
1375 5344 1401 5396 3.
1454 5343 1600 5396 liberiora
1624 5351 1705 5411 praeta
1728 5344 1841 5406 uictum.
1865 5345 1941 5413 quaesi
1968 5347 2038 5397 Urbs
2061 5346 2114 5398 duo
2137 5346 2418 5407 lrabuisset'C-atones

432 5433 460 5482 p.
477 5413 536 5468 347.
571 5413 638 5465 Cum
656 5414 702 5462 illo
721 5410 826 5463 btuuitii
844 5412 904 5461 loco
923 5410 1072 5474 conjungas
1093 5410 1165 5464 libr.
1183 5412 1215 5461 V.
1235 5411 1306 5462 ldis:
1325 5413 1402 5476 „Nec
1454 5411 1604 5476 Censores,
1623 5414 1687 5464 otim
1704 5411 1868 5465 existimavit
1886 5412 2071 5478 llcinriclriust
2097 5416 2209 5468 meliora
2231 5418 2344 5472 etloctus
2368 5435 2418 5476 nro-

432 5482 517 5533 crede
532 5493 649 5530 seuerae
666 5482 786 5531 Frontts
804 5492 877 5541 epate
900 5481 1000 5545 stupae,
1021 5480 1145 5527 strictos
1166 5493 1220 5529 aec
1242 5480 1326 5529 crede
1344 5481 1404 5530 Ga·
1454 5477 1508 5545 sert
1525 5478 1551 5529 in
1573 5479 1643 5534 stata.
1668 5479 1792 5546 (Borrae
1815 5482 1888 5534 1839.
1905 5483 1944 5548 s.)
1966 5498 1991 5550 p·
2014 5481 2057 5535 oo.
2097 5485 2253 5536 Censorius
2275 5503 2419 5558 pruempns

432 5553 513 5601 mam
534 5549 591 5599 Aut
612 5550 751 5614 Brutone,
778 5549 862 5612 atque
885 5559 988 5609 parem
1021 5548 1198 5611 'feretratum
1224 5550 1252 5598 et
1274 5547 1403 5597 Horatia
1454 5545 1625 5611 significatur
1641 5547 1721 5615 eique
1738 5551 1773 5600 ob
1792 5549 1907 5601 sinaitam
1925 5550 1996 5602 vitae
2019 5551 2176 5630 gravitatem
2199 5558 2419 5624 moramqae'rl-

430 5613 559 5684 surtus‘·'
575 5613 614 5668 sic
630 5613 695 5665 otim
713 5612 756 5667 bic
773 5615 848 5666 locus
872 5621 936 5667 suta
953 5613 1103 5679 Benttejom
1129 5615 1286 5680 tegebatur,
1303 5613 1332 5665 in
1349 5628 1402 5680 quo
1454 5627 1547 5678 goram
1565 5616 1731 5670 assimilatur
1755 5618 1905 5669 Uticensis.
1939 5616 1999 5671 D'ue
2023 5618 2107 5685 agitur
2130 5622 2234 5673 ltemae
2259 5624 2418 5679 astiterant
