5717 6575
1193 858 1516 935 EXCIJBSUS
1541 863 1608 933 11.

1377 1048 1427 1104 DE

697 1198 963 1297 AEMI
1023 1196 1536 1301 remaclius
1597 1197 2098 1302 MUSARUM

1120 1403 1341 1502 uuosoun
1374 1405 1684 1485 counironn.

559 1741 644 1809 luter
664 1743 772 1808 eximia
792 1741 924 1830 Augusti
945 1743 976 1809 iii
998 1741 1111 1810 Urbem
1132 1743 1238 1810 merita
1258 1743 1347 1811 etiam
1375 1745 1432 1811 hoc
1461 1746 1545 1835 ponit
1569 1743 1705 1832 Velleius
1726 1744 1796 1813 Pat.
1823 1744 1910 1812 Libr.
1933 1743 1975 1811 Ii.
2003 1766 2029 1811 c.
2051 1739 2104 1811 89.
2132 1742 2161 1829 ξ.
2182 1738 2230 1808 i.:
2258 1739 2396 1825 „Princi-

403 1848 459 1917 pes
480 1825 555 1912 riri,
577 1828 789 1916 triumphisque
810 1837 841 1892 et
862 1827 1050 1916 amplissimis
1070 1829 1357 1912 honoribusiuncti,
1379 1830 1499 1897 hortatu
1513 1830 1664 1919 Principis
1702 1830 1740 1896 ad
1755 1830 1920 1896 ‘ornandam
1932 1829 2044 1898 Urbem
2061 1829 2154 1894 illecti
2165 1827 2268 1894 sunt.“
2312 1827 2397 1901 Quae

425 1911 522 1977 uidem
543 1912 659 2001 publicu
680 1912 880 1978 munificentia
901 1935 961 1979 non
982 1913 1163 1979 subsistebat
1183 1915 1263 1979 iutra
1282 1914 1414 2002 Augusti
1436 1915 1603 2004 imperium,
1629 1881 1699 1998 sed,
1728 1915 1924 1982 aemulatione
1946 1915 2090 1996 excitata,
2113 1915 2202 1979 etiam
2224 1913 2278 1977 sub
2300 1912 2395 1977 Tibe·

403 2018 451 2062 rio
473 1996 567 2062 adhuc
596 1996 627 2061 in
654 2019 736 2062 more
765 2005 844 2080 erat,
871 2006 991 2063 auctore
1019 1998 1129 2064 Tacito
1154 1998 1236 2064 Anii.
1264 1998 1351 2064 Libr.
1373 1999 1431 2064 lli.
1459 2023 1484 2066 c.
1507 1999 1558 2066 72.
1582 2001 1648 2086 qui,
1674 2010 1900 2067 commemorato
1922 1999 2040 2088 Lepido
2069 1998 2192 2085 quodam
2221 1997 2257 2061 ab
2280 1995 2395 2063 Senatu

403 2087 543 2170 petente,
566 2090 599 2146 ut
620 2082 771 2147 basilicam
793 2082 898 2163 Pauli,
919 2081 1050 2146 Aemilia
1070 2090 1273 2165 monumenta,
1300 2083 1421 2171 propriu
1447 2086 1571 2172 pecunia
1592 2086 1725 2150 firmaret
1750 2087 1979 2172 ornaretque,¹)
2007 2083 2099 2148 addit:
2129 2105 2211 2165 „nec
2238 2081 2395 2169 Augustus

402 2175 541 2232 arcuerat
563 2166 715 2250 Taurum,
737 2166 920 2255 Philippum,
941 2165 1066 2231 Balbum
1086 2166 1211 2234 hostiles
1234 2170 1355 2234 exuvias
1378 2178 1429 2233 aut
1451 2169 1634 2235 exundantes
1656 2192 1729 2258 opes
1755 2179 1890 2236 ornatum
1912 2168 1949 2233 ad
1974 2168 2065 2235 Urbis
2092 2176 2123 2232 et
2148 2167 2299 2255 posteriim
2327 2165 2393 2253 glo·

400 2251 481 2316 iiam
502 2251 674 2317 conferre.“
719 2249 784 2324 (luo
806 2252 836 2315 iii
860 2249 925 2316 loco
941 2253 1080 2330 cosumus
1100 2254 1224 2317 hostiles
1245 2251 1283 2317 ad
1306 2252 1441 2318 Taurum
1463 2263 1495 2319 et
1516 2256 1713 2321 erinaceus
1735 2274 1807 2338 opes
1822 2254 1860 2329 ad
1875 2253 2045 2342 Philippum
2068 2262 2099 2316 et
2113 2251 2238 2316 Balbum
2259 2249 2394 2316 releren-

403 2333 460 2400 das
481 2356 550 2401 esse
571 2334 689 2401 aliunde
710 2335 811 2422 colligi
833 2334 913 2400 licet.
956 2334 1115 2402 Caeterum
1136 2334 1254 2422 Veliejo
1277 2346 1307 2402 et
1329 2337 1440 2403 Tacito
1463 2338 1603 2405 disertior
1629 2361 1666 2404 ea
1692 2338 1730 2403 de
1756 2361 1790 2404 re
1812 2339 1898 2404 testis
1920 2353 1968 2403 est
1989 2337 2149 2404 Suetonius
2176 2334 2259 2423 Aug.
2281 2357 2306 2401 c.
2328 2330 2393 2418 29,

401 2418 471 2503 ubi,
492 2420 670 2485 enumeratis
693 2420 829 2508 operibus
851 2419 990 2507 publicis,
1013 2421 1116 2570 quibus
1136 2419 1292 2508 Augustus
1314 2422 1380 2511 ipse
1400 2421 1527 2487 Romani
1548 2443 1602 2510 pro
1623 2424 1779 2509 majestate
1799 2423 1916 2512 imperii
1937 2430 2090 2502 ornasset,
2112 2421 2156 2487 sic
2176 2419 2291 2507 pergit:
2317 2418 2392 2502 „sed

403 2514 438 2570 et
459 2517 594 2571 caeteros
636 2506 764 2592 rincipos
790 2505 870 2570 uiros
899 2525 989 2570 sace
1035 2514 1149 2571 ortatus
1176 2513 1237 2586 est,
1268 2514 1300 2572 ui
1326 2528 1380 2595 pro
1412 2507 1553 2572 facultate
1580 2508 1702 2595 quisque
1732 2508 1944 2589 monumentis,
1969 2506 2017 2572 vel
2043 2506 2128 2571 novis
2150 2504 2199 2570 rel
2220 2503 2340 2568 reiectis
2363 2516 2395 2569 et

402 2588 545 2665 excultis,
568 2526 679 2657 Urbem
701 2588 889 2656 adornarent.
933 2525 1089 2678 hlultaque
1110 2611 1128 2654 a
1149 2589 1248 2655 multis
1270 2601 1423 2656 exstructa
1444 2604 1526 2657 sunt:
1558 2592 1635 2657 sicut
1661 2615 1680 2656 a
1704 2591 1821 2659 lilarcio
1848 2591 1929 2656 Phili
1950 2588 2105 2679 po‘aedes
2126 2586 2267 2655 lierculis
2289 2587 2392 2653 Musa·

402 2695 485 2754 rum3
516 2695 543 2741 a.
564 2674 605 2740 L.
630 2672 790 2741 Cornificio
812 2673 901 2739 aedes
923 2675 1055 2755 Dianae3
1092 2674 1128 2739 ab
1150 2674 1257 2740 Asinio
1280 2675 1418 2741 Pollione
1440 2676 1547 2741 atrium
1567 2677 1752 2755 Libertatis3
1784 2698 1803 2741 a
1829 2675 1967 2741 Munatio
1995 2675 2109 2740 Planco
2137 2672 2225 2738 aedes
2251 2669 2392 2752 Saturni3

401 2779 424 2824 a
445 2756 585 2826 Cornelio
608 2757 703 2825 Balbo
727 2760 886 2838 tiieatrum3
919 2758 1079 2824 aStatilio
1102 2758 1207 2825 Tauro
1229 2760 1488 2847 amphitheatrum
1520 2760 1604 2827 abi.
1631 2783 1703 2828 vero
1723 2760 1862 2848 Agrippa
1883 2760 2034 2849 complura
2055 2767 2087 2823 et
2108 2756 2264 2845 egregia.“
2306 2755 2392 2821 inter
2457 2798 2459 2802 -

401 2842 642 2992 principesdilios
664 2865 735 2992 pqlap
758 2843 883 2909 caeteris
905 2843 1102 2964 animum2hic
1121 2843 1154 2910 in
1175 2865 1209 2910 se
1231 2844 1377 2911 convertit
1397 2854 1532 2912 nostrum
1551 2844 1696 2917 Moscius
1716 2845 1878 2931 Phiiippus
1899 2845 2021 2933 ejusque
2041 2843 2137 2912 Aedes
2157 2841 2302 2912 Herculis
2317 2839 2391 2907 Mis·

400 2945 514 2995 aarum
571 2949 588 2992 e
630 2950 667 2991 ua
707 2928 739 2991 ii
764 2928 861 2993 entius
883 2949 901 2991 a
924 2950 1016 2994 amus.

519 2976 530 3012 ²
555 3011 605 3077 ile
659 2949 765 3077 erciiiigs
787 3011 864 3100 apud
884 2929 1159 3096 idunanoshuitu,
1179 3020 1334 3102 pervetere
1356 3021 1387 3080 et
1408 3013 1446 3080 ad
1466 3014 1600 3080 Euandri
1621 3022 1755 3104 tempora
1775 3013 1956 3097 reuocando,
1987 3010 2062 3078 nihii
2083 3010 2191 3077 attinet
2210 3009 2259 3075 iiic
2281 3008 2389 3075 dicere.

402 3091 584 3184 Quicumque
605 3118 642 3161 ea
664 3097 700 3162 de
722 3119 756 3161 re
777 3098 960 3185 scripserunt
981 3098 1182 3164 diversissima
1202 3099 1273 3164 licet
1294 3100 1494 3175 commentati,
1516 3101 1547 3166 in
1569 3122 1605 3166 eo
1621 3108 1718 3166 tannen
1734 3099 1937 3181 consentiunt,
1960 3097 2124 3163 Herculem
2135 3095 2306 3164 diurnium
2326 3093 2390 3158 siue

398 3180 600 3264 Monetium
621 3181 744 3246 serioris
766 3203 835 3246 esse
857 3183 981 3270 originis
1004 3191 1092 3269 atque
1113 3182 1178 3268 ejus
1199 3184 1350 3248 notionem
1372 3193 1402 3249 et
1424 3183 1533 3250 cultum
1553 3207 1572 3249 a
1592 3183 1805 3267 udilomanos
1827 3183 1946 3249 saeculo
1963 3182 2076 3247 demum
2096 3189 2167 3331 post
2187 3180 2298 3248 Urbem
2320 3199 2390 3243 con·

401 3264 496 3332 ditam
516 3275 603 3332 sexto
625 3264 720 3331 videri
741 3274 840 3332 natum
863 3289 940 3333 esse.
983 3265 1019 3332 id
1040 3276 1073 3332 ut
1094 3273 1260 3334 statuerent
1281 3267 1349 3339 Viri
1370 3269 1477 3352 Docti,
1519 3292 1555 3336 uo
1597 3269 1704 3353 sciam,
1729 3291 1831 3335 omnes
1853 3266 1965 3334 inducti
1986 3275 2095 3333 sunta
2135 3264 2297 3345 Eumenio,
2323 3283 2388 3327 sae-

400 3350 464 3415 culi
483 3360 553 3439 post
574 3351 646 3417 Chr.
669 3374 707 3434 n,
722 3352 803 3417 tertii
824 3350 977 3434 Rhetore,
1004 3352 1054 3440 qui
1074 3352 1107 3418 iii
1134 3352 1220 3419 Orat.
1247 3374 1301 3441 pro
1326 3292 1546 3421 Restuurandis
1568 3353 1688 3421 Scholis
1716 3375 1742 3420 c.
1765 3352 1811 3433 7.,
1833 3352 2055 3441 praedicaturus
2085 3349 2256 3418 Constantii
2283 3346 2388 3413 Chlori

400 3433 546 3503 Caesaris
573 3433 781 3501 liberalitatem
807 3434 834 3519 ξ.
862 3437 893 3501 2.
921 3437 976 3501 ait:
1009 3435 1168 3520 „Quarum
1195 3438 1272 3503 enim
1301 3439 1407 3504 artium
1437 3439 1501 3505 sive
1533 3438 1623 3504 animi
1648 3438 1838 3504 affectionum
1862 3436 1979 3523 magnis
2001 3435 2166 3502 hominibus
2195 3434 2388 3531 ingeneratus

402 3516 495 3585 ardor
515 3519 589 3601 iuit,
613 3542 714 3584 earum
737 3534 912 3586 consecrata
933 3522 1080 3587 exsistere
1101 3521 1148 3586 ad'
1161 3530 1298 3610 posteros
1320 3532 1508 3589 monumenta
1528 3522 1694 3589 voluerunt.
1737 3522 1850 3587 Aedem
1880 3520 2020 3587 llercuiis
2048 3519 2202 3585 Musarum
2232 3539 2262 3581 in
2298 3515 2387 3581 Circo

399 3602 553 3669 Flaminio
585 3603 710 3669 Fuluius
739 3604 793 3669 iiie
818 3604 956 3671 Nobilior
987 3628 1026 3671 ex
1058 3608 1182 3694 pecunia
1210 3608 1346 3672 censoria
1374 3607 1465 3689 iecit,
1493 3630 1554 3674 uon
1581 3606 1612 3672 id
1637 3603 1724 3672 modo
1746 3615 1884 3685 secutus,
1917 3603 2023 3690 quodi
2045 3626 2079 3669 se
2101 3603 2209 3668 litteris
2232 3610 2263 3665 et
2284 3598 2407 3665 summi..

397 3695 509 3778 poetae
530 3688 660 3753 amicitia
681 3688 854 3771 duceretur,
876 3690 929 3755 sed
952 3690 1029 3776 quod
1048 3690 1081 3756 iii
1104 3689 1246 3773 Graecia,
1269 3712 1333 3757 cuin
1355 3699 1438 3756 esset
1458 3692 1637 3780 imperator,
1657 3698 1828 3779 acceperat,
1850 3687 2011 3754 Herculem
2069 3697 2223 3775 usagetam
2246 3706 2330 3766 esse,
2357 3680 2388 3747 id

399 3780 467 3855 est,
489 3772 623 3838 comitem
645 3772 746 3837 duceni
769 3796 804 3839 ue
825 3772 996 3854 illusarum3
1027 3773 1162 3861 idemque
1182 3774 1293 3876 primus
1315 3796 1420 3840 nouem
1442 3777 1546 3863 signa,
1568 3776 1625 3841 lioc
1646 3783 1709 3857 est,
1732 3774 1857 3840 omnium
1880 3773 2094 3854 Camenarum,
2121 3794 2160 3837 ex
2181 3766 2388 3867 Ambraciensi

399 3855 509 3946 oppido
531 3857 696 3939 translata,
717 3795 771 3922 snb
794 3858 888 3923 tutela
908 3858 1066 3924 fortissimi
1086 3859 1214 3925 numinis
1243 3860 1445 3924 consecravit:
1477 3868 1510 3925 ut
1537 3881 1587 3925 res
1614 3867 1676 3940 est,
1704 3859 1773 3946 quia
1796 3858 1906 3922 mutuis
1933 3857 2036 3945 opibus
2064 3865 2096 3922 et
2121 3855 2260 3944 praemiis
2288 3872 2388 3949 puram

398 3941 503 4009 ornari
524 3963 560 4006 ue
581 3940 739 4006 deberent:
771 3942 926 4007 illusarum
968 3943 1031 4009 uies
1050 3941 1223 4010 defensione
1244 3943 1405 4026 Herculis,
1426 3952 1459 4008 et
1478 3944 1572 4009 uirtus
1591 3942 1732 4008 llercuiis
1753 3964 1825 4009 uoce
1845 3941 2034 4007 biusarum.“
2075 3939 2213 4005 Prudens
2242 3936 2388 4023 adscripsi

400 4033 494 4092 totuin
544 4026 652 4090 umenii
675 4026 788 4110 iocum,
832 4035 933 4115 utpote
948 3966 1011 4094 hac
1031 4028 1062 4093 iii
1085 4043 1191 4095 caussa
1211 4026 1367 4118 plurimum
1389 4028 1573 4094 auctoritatis
1591 4035 1723 4093 nactum:
1755 4027 1788 4091 in
1809 4047 1866 4114 quo
1889 4034 1988 4090 tamen
2008 4025 2086 4091 haud
2106 4045 2200 4113 pauca
2221 4030 2291 4119 sunt
2313 4037 2387 4118 quae

399 4109 473 4176 mihi
494 4107 616 4193 singula
636 4110 799 4196 inquirenti
820 4111 987 4199 scrupulum
1016 4134 1052 4178 ao
1077 4112 1289 4179 dubitationem
1313 4112 1451 4199 injiciant
1476 4121 1524 4195 et,
1546 4111 1698 4201 productis
1725 4111 1961 4201 comparatisque
1986 4108 2162 4198 antiquioris
2185 4114 2292 4172 aetatis
2314 4125 2387 4170 scri·

399 4192 533 4284 pluribus
552 4213 610 4344 ppo
633 4194 804 4261 testimonio
826 4195 1009 4280 dicentibus,
1031 4218 1146 4264 omnem
1168 4197 1256 4263 istius
1278 4197 1406 4263 oratoris
1428 4198 1631 4262 narrationem
1649 4203 1680 4261 et
1697 4194 1784 4261 fidem
1805 4196 1997 4260 vehementer
2017 4200 2187 4282 suspectam
2208 4189 2344 4290 reddant

584 4299 631 4345 am
653 4277 777 4367 primum
801 4304 886 4367 quum
908 4279 1069 4346 Eumenius
1092 4280 1178 4365 dicit,
1199 4279 1358 4346 Herculem
1379 4279 1570 4368 liiusagetam
1596 4302 1615 4345 a
1635 4280 1664 4346 F
1666 4280 1744 4347 uivio
1769 4280 1925 4346 Nobiliore
1950 4279 1982 4344 iii
2005 4276 2147 4362 Graecia,
2173 4297 2237 4341 cum
2262 4293 2388 4362 impera·

399 4371 450 4428 tor
469 4369 564 4447 esset,
587 4371 739 4451 acceptum
762 4371 795 4429 et
814 4367 965 4453 cognitum
988 4386 1073 4450 esse,
1100 4364 1228 4431 dubitari
1249 4366 1352 4452 nequit
1374 4366 1444 4474 quin
1465 4388 1528 4431 rem
1550 4373 1656 4455 suopte
1685 4365 1884 4452 excogitatam
1909 4363 2032 4450 ingenio
2062 4373 2292 4507 exornatauique
2319 4378 2388 4447 pro·

473 4446 531 4511 erit
559 4446 671 4512 nuliius
699 4447 871 4517 testimonio
898 4450 957 4518 scri
980 4450 1055 4515 toiis
1084 4447 1323 4516 confirmandam.
1372 4451 1497 4516 hraecis
1529 4458 1617 4515 notus
1645 4456 1711 4515 erat
1739 4448 1850 4537 Apollo
1872 4444 2095 4531 Μουσηγέτης
2120 4446 2163 4528 (ν.
2192 4445 2241 4510 Lo
2263 4445 2328 4509 och.
2350 4439 2389 4507 ad

395 4464 561 4619 bhlniei.
580 4551 611 4620 p.
632 4528 741 4615 iau),
764 4554 825 4598 non
847 4536 918 4603 item
971 4534 1103 4601 ercuies:
1143 4534 1170 4598 is
1200 4532 1334 4621 quidem,
1361 4535 1539 4599 admonente
1567 4534 1688 4621 iieynio
1715 4534 1746 4599 in
1773 4533 1883 4621 Opusc.
1912 4531 2008 4598 Aead.
2034 4530 2105 4601 Vol.
2131 4530 2174 4596 11.
2201 4550 2230 4618 p.
2258 4526 2389 4609 3⁰5.,a

395 4615 517 4682 serioris
545 4615 654 4681 aetatis
684 4616 850 4683 artificibus
876 4630 908 4687 et
956 4618 1032 4685 oetis
1061 4617 1157 4705 ipram
1185 4616 1344 4682 intendens
1374 4640 1408 4684 ac
1459 4618 1560 4685 uisaiis
1582 4619 1706 4706 fingitur
1727 4639 1762 4682 ac
1784 4617 1973 4701 describitur,
2001 4613 2055 4681 sed
2075 4635 2096 4686 ¹a
2115 4614 2233 4680 neniine
2254 4630 2389 4699 mnquain

394 4697 575 4767 Gmecoruiii
597 4708 730 4765 veterum
754 4708 897 4790 tamquam
965 4701 1073 4770 ουσῶν
1093 4699 1279 4783 ἐπιστάτης
1300 4703 1363 4790 rei,
1385 4713 1418 4771 ut
1437 4639 1602 4772 liumenius
1622 4704 1684 4789 ait,
1710 4700 1866 4770 Musarum
1893 4721 1993 4769 comes
2014 4709 2046 4767 et
2067 4700 2127 4766 dux
2148 4708 2200 4765 aut
2221 4697 2387 4764 nominatus

393 4785 502 4865 autab
523 4783 585 4852 ulio
607 4785 724 4851 artifice
748 4786 865 4855 eiiictus
888 4791 979 4873 est³)

457 4956 487 5027 i)
503 4956 612 5026 lipsius
636 4956 702 5011 uiihi
725 4957 831 5010 ridetur
852 4976 907 5014 non
926 4965 1029 5014 temere
1043 4973 1144 5028 urgere
1159 4958 1235 5013 Piur.
1259 4958 1374 5013 Aemate
1419 4958 1542 5012 Suetonii
1563 4958 1604 5012 An
1627 4995 1634 5010 .
1655 4973 1680 5014 c.
1694 4957 1738 5012 20.
1760 4962 1790 5011 et
1804 4953 2020 5024 wyttenbachius
2042 4952 2079 5007 aci
2097 4949 2232 5031 Plutarch,
2248 4948 2388 5029 Animadr·

386 5034 575 5093 moneare,
590 5031 622 5079 ut
636 5024 723 5095 liquet
738 5041 773 5079 cx
790 5026 841 5091 eis,
864 5045 933 5097 quse
956 5029 993 5081 de
1008 5026 1057 5080 iiio
1074 5044 1159 5099 opere
1176 5026 1288 5096 publico
1305 5027 1371 5083 scri·
1419 5028 1481 5080 Vei
1502 5027 1535 5080 ii.
1556 5027 1588 5079 P.
1606 4973 1631 5080 l.
1653 5043 1680 5096 p.
1701 5026 1745 5079 40.
1782 5025 1922 5094 Principes
1943 5024 2083 5076 Editorum
2109 5023 2231 5100 Suetonii
2257 5018 2390 5097 copulem,

486 5101 498 5150 t
519 5092 648 5149 Sachsiiis
671 5094 700 5146 iii
722 5091 792 5148 IIist.
815 5099 843 5146 et
865 5097 989 5168 Topogr.
1012 5096 1094 5151 Urbis
1117 5099 1223 5152 Romae
1240 5097 1279 5154 ;Ρ.
1303 5098 1323 5150 i.
1345 5114 1374 5165 p.
1419 5110 1499 5216 quarn
1516 5093 1626 5148 Servius
1650 5095 1684 5146 sd
1707 5092 1803 5161 VirgiI.
1819 5095 1887 5145 Aen.
1903 5092 1979 5145 Libr.
1995 5092 2058 5171 iqr.
2076 5090 2102 5170 8,
2118 5096 2198 5142 etiarn
2213 5085 2310 5165 habet,
2329 5096 2390 5148 Jure

416 5170 440 5224 2
509 5202 517 5218 .
534 5176 568 5216 sc
583 5163 758 5215 murmannus
773 5160 802 5215 iii
817 5162 919 5221 Hister.
935 5168 1016 5221 Rom.
1033 5165 1130 5223 votl.
1146 5183 1175 5235 p.
1191 5163 1217 5219 7.
1233 5164 1263 5219 0.
1279 5164 1323 5222 11.
1339 5166 1374 5220 ci.
1439 5165 1577 5216 cieverunt
1599 5160 1757 5215 auctoritate
1773 5160 1904 5215 Codicum
1921 5165 1949 5212 et
1968 5164 2119 5211 testimomo
2136 5157 2340 5221 inscriptionum
2362 5156 2391 5201 et

375 5179 511 5306 votas.
527 5248 555 5301 p.
573 5229 634 5283 270.
736 5294 743 5308 ⁸
912 5265 916 5278 .
1417 5231 1580 5309 Numerum,
1602 5230 1638 5282 de
1659 5228 1754 5298 quibus
1772 5229 1842 5282 coni.
1865 5228 1998 5281 Oudendo
2030 5226 2073 5278 ins
2095 5226 2129 5277 sii
2152 5225 2261 5300 Sqeton.
2286 5220 2304 5272 Ι.
2321 5233 2345 5271 e.
2363 5224 2391 5271 st

440 5301 478 5376 2)
498 5300 529 5354 lu
547 5296 674 5353 Suetonii
689 5296 773 5350 Erilli·
789 5295 850 5368 aliq·
865 5306 930 5357 vett
947 5298 1064 5368 legitime
1086 5298 1216 5354 Herculis
1234 5302 1372 5355 triduo·
1417 5297 1563 5352 Fekbeiius
1578 5298 1608 5350 in
1623 5298 1658 5353 D.
1674 5296 1710 5349 N.
1726 5298 1757 5353 P.
1775 5298 1813 5350 11.
1831 5296 1927 5352 Vetti
1939 5313 1966 5365 p.
2061 5284 2390 5353 commititimus
2426 5310 2428 5313 ·

356 5398 429 5442 m
465 5384 563 5438 neque
580 5382 635 5435 ego
653 5365 777 5434 eopuiam
793 5381 841 5433 per
858 5370 943 5423 coine
963 5366 1222 5435 tamjuciicsrerini,
1240 5369 1306 5422 lieet
1322 5383 1373 5421 rio·
1417 5367 1489 5423 Tab.
1507 5366 1599 5420 CVIII.
1614 5366 1650 5421 N.
1666 5364 1727 5418 iss.
2161 5424 2175 5439 υ
2284 5421 2292 5436 ,
2341 5420 2348 5434 ‚

329 5469 338 5478 -
347 5453 405 5516 5„
539 5436 630 5490 'aiii
650 5430 811 5486 auctoritate
830 5388 969 5491 Plutarchi
987 5437 1099 5493 Quaest
1117 5439 1199 5509 Rom.
1216 5448 1243 5488 e.
1261 5435 1305 5489 50.
1323 5428 1371 5486 aa
1485 5434 1504 5486 8
1538 5434 1581 5487 De
1602 5434 1724 5501 Apolline
1747 5433 1888 5500 usurpetis
1911 5430 2064 5485 conteratur
2080 5429 2114 5481 0.
2131 5425 2262 5478 hinlierns
2283 5438 2313 5475 iii
2329 5421 2392 5476 libr.

352 5529 377 5589 Ι
385 5504 509 5584 toerde
525 5521 566 5572 qr
580 5497 680 5569 βωμὸς
694 5495 858 5566 Ἡρακλέους
874 5504 919 5556 sai
937 5502 1087 5558 Μουσῶνε
1104 5505 1130 5558 si
1142 5501 1255 5570 quidem
1267 5503 1362 5555 dubito
1416 5503 1481 5555 Bas
1517 5501 1565 5554 seii
1586 5503 1637 5554 ries·
1658 5499 1846 5567 Arcbneoiopie
1867 5502 1914 5552 cies·
1930 5501 2019 5550 Kome
2041 5496 2095 5560 (eci.
2112 5496 2138 5548 2.
2153 5493 2241 5546 Bresi,
2257 5488 2347 5558 isat.)
2364 5486 2393 5569 5,

319 5547 404 5672 :w
426 5566 590 5653 „pompis
606 5570 635 5627 h.
653 5570 674 5624 i.
692 5567 729 5621 de
746 5570 844 5639 tsinpio
860 5580 933 5629 reete
950 5573 1139 5629 intellexerim
1152 5570 1318 5627 Torrentius
1334 5542 1371 5625 sd
1415 5568 1478 5625 001.
1494 5568 1569 5626 Ν.4.
1584 5568 1709 5640 idemque
1726 5568 1762 5623 cie
1778 5563 2066 5624 emersionem
2083 5560 2178 5632 §.ild
2195 5561 2262 5618 110,
2295 5557 2393 5628 nonno
