5717 6575
430 620 483 695 84
1134 612 1162 681 h
1203 611 1264 683 DE
1286 610 1501 685 CAESARIS
1521 610 1717 685 AUGUSTI

430 799 532 881 xlv,
555 801 625 903 Hp.
660 802 699 881 9.
724 811 757 893 §0
784 803 840 877 bs
875 798 950 897 „Et
967 800 1104 877 Balbus
1137 801 1195 878 hio
1219 808 1273 878 est
1304 803 1523 904 multumque
1553 804 1743 895 mccum3“
1774 795 2423 902 etedem-Lier.up.1l.s.2.s

424 922 524 1019 ,uia
543 946 684 997 mecum
708 921 860 1016 Balbus,
893 922 1047 1017 Hirtius,
1080 921 1236 997 Pansa.“
1287 922 1448 1022 Utraque
1485 923 1633 1022 epistola
1666 920 1707 994 in
1729 920 1923 996 Puteolano
1946 927 2094 996 exemto
2121 928 2188 997 est.
2241 921 2337 998 lntar
2357 924 2425 1001 hos

430 1042 699 1136 interventores,
725 1066 795 1141 per
814 1066 904 1142 quos
928 1040 1001 1140 ipsi
1024 1041 1138 1116 omnis
1162 1041 1235 1116 fere
1258 1041 1320 1116 otii
1341 1042 1479 1116 fructus
1503 1039 1761 1141 adlegandum
1785 1038 2079 1143 scribendumque
2101 1043 2253 1141 periret,
2283 1041 2426 1117 ridetur

430 1160 592 1260 inprimis
609 1161 742 1259 Balbus
765 1156 999 1261 eisuspcctus
1018 1185 1150 1262 perque
1167 1162 1334 1236 molestus
1349 1159 1476 1235 baisse.
1523 1160 1560 1234 le
1575 1161 1683 1255 cuim,
1705 1167 1748 1234 ut
1762 1161 1932 1236 Dictator-i
1947 1160 2027 1237 viro
2044 1159 2282 1236 deditissimus
2294 1160 2425 1255 iuerat,

431 1281 481 1354 ita
503 1279 662 1355 dolorem
679 1279 724 1355 de
749 1283 827 1381 ejus
849 1278 959 1355 caede
980 1278 1070 1355 adeo
1094 1306 1165 1355 non
1188 1276 1453 1376 dissimulabat,
1474 1285 1515 1354 ut
1537 1278 1659 1353 heredi
1682 1283 1761 1379 ejus
1786 1279 1946 1383 filioque,
1968 1281 2135 1382 Augusto
2162 1281 2208 1354 ab
2233 1281 2425 1380 Apollonia

431 1397 611 1493 redeunti,
638 1399 708 1474 huo
733 1398 871 1473 obviam
894 1399 1075 1500 profectus
1100 1405 1205 1474 esset.
1256 1398 1391 1474 Hirtius
1414 1406 1452 1473 et
1475 1399 1613 1493 Pansa,
1646 1399 1732 1473 licet
1761 1406 1799 1474 et
1820 1400 1890 1500 ipsi
1915 1396 2061 1475 caedem
2083 1399 2292 1493 Dictatoris,
2320 1400 2423 1475 amici
2456 1390 2460 1405 '

433 1518 502 1613 sui,
525 1517 768 1617 improbarent
783 1543 826 1592 ao
841 1517 1074 1619 deplorarent,
1099 1525 1219 1593 tamen
1243 1519 1340 1618 pacis
1364 1525 1402 1593 et
1426 1516 1635 1593 concordiae
1652 1516 1799 1593 studiosi
1823 1526 1861 1593 et
1883 1519 2026 1620 maevia
2047 1519 2217 1592 violenter
2242 1524 2319 1592 acta
2335 1543 2423 1619 per-

432 1636 510 1733 esi,
547 1636 711 1711 ridentur
741 1638 776 1711 ei
803 1638 848 1713 ab
880 1638 980 1711 initio
1005 1638 1123 1712 minus
1154 1638 1293 1729 molesti
1317 1637 1450 1731 lmese,
1482 1638 1691 1737 praesertim
1712 1661 1794 1711 cum
1825 1637 1996 1714 Consules
2029 1636 2204 1738 designati
2239 1645 2357 1712 essent
2381 1660 2423 1711 aa

432 1757 570 1856 sperari
593 1764 732 1856 posset,
764 1754 925 1831 futurum
950 1782 1053 1853 esse,
1087 1763 1129 1831 ut
1149 1762 1321 1856 uterque,
1354 1757 1464 1831 misso
1498 1780 1747 1856 percussorum
1764 1755 1863 1852 odio,
1898 1754 2073 1832 honorum
2104 1757 2234 1832 civium
2258 1780 2451 1831 eaummn.

431 1875 794 1976 amplecterenbrr72).
843 1874 923 1983 dam
951 1880 988 1953 in
1020 1876 1087 1951 hoo
1118 1900 1262 1951 secessu
1290 1875 1450 1970 Hirtius,
1486 1874 1592 1951 bomo
1622 1875 1783 1951 eruditus
1820 1883 1857 1951 et
1884 1875 2081 1950 litterarum
2106 1901 2247 1970 amans,
2280 1874 2421 1949 ridetur

433 1994 640 2070 Ciceronem
662 2019 827 2096 rogasse,
850 2001 890 2069 ut
915 1993 961 2069 ad
986 1995 1184 2069 communia
1208 1995 1447 2095 philosophiae
1467 1992 1587 2069 studia
1611 2002 1824 2096 coeptasque
1848 2002 1928 2070 suto
1950 1994 2131 2069 biennium
2153 1996 2192 2068 in
2215 1995 2421 2070 Tusculano

432 2112 569 2189 dicendi
591 2116 856 2189 exercitationes
885 2138 926 2189 se
950 2114 1148 2214 reciperent
1169 2115 1308 2215 eisque,
1335 2112 1451 2213 quoad
1476 2116 1553 2215 ejus
1576 2113 1653 2188 lieri
1677 2123 1809 2214 posset,
1832 2116 2072 2214 praesentium
2091 2123 2292 2214 temporum
2315 2138 2422 2215 aspe-

431 2235 553 2307 ritates
571 2233 729 2309 lenirent.
779 2231 872 2332 Ejus
905 2233 961 2307 rei
989 2234 1089 2308 testis
1112 2240 1166 2308 est
1196 2235 1275 2333 ipse
1303 2233 1427 2309 Cicero
1461 2231 1506 2307 ds
1536 2230 1624 2307 Fato
1646 2258 1677 2307 c.
1704 2239 1739 2309 l.
1760 2245 1792 2325 ς.
1816 2237 1840 2309 2
1866 2258 1945 2332 supa
1976 2233 2095 2329 „Nam
2119 2259 2229 2334 quum
2243 2257 2362 2310 essem
2383 2232 2422 2307 in

432 2351 627 2427 Puteolano
650 2352 856 2451 Hirtiusque
879 2344 1019 2449 noster,
1044 2355 1166 2428 consul
1191 2350 1409 2454 designatus,
1433 2351 1561 2427 iisdem
1583 2351 1623 2425 in
1648 2352 1746 2448 locis,
1769 2352 1825 2427 vir
1848 2349 1951 2427 nohis
1972 2352 2203 2427 unicissimus
2226 2362 2263 2428 et
2278 2352 2323 2427 iis
2340 2358 2423 2426 stn-

433 2468 526 2566 diis,
552 2472 593 2545 in
615 2472 743 2572 quibus
767 2496 833 2545 nos
857 2497 881 2546 a
905 2473 1054 2572 pucritia
1078 2473 1252 2566 viximus,
1277 2469 1440 2567 deditsus,
1465 2474 1614 2545 multum
1635 2496 1707 2547 une
1724 2496 1887 2564 eramus3
1917 2471 2071 2546 maxime
2092 2496 2160 2547 nos
2186 2470 2329 2573 quidem
2354 2496 2424 2547 ex·
2452 2554 2456 2567 ⁸

434 2592 612 2690 quhentes
646 2614 690 2664 ca
710 2590 870 2685 consilia,
895 2615 987 2691 quae
1010 2590 1055 2665 od
1078 2616 1203 2691 pacem
1224 2598 1261 2665 et
1283 2589 1328 2666 ad
1351 2590 1579 2667 concordiam
1604 2590 1734 2665 cisium
1757 2592 1988 2691 pertinerent.
2038 2590 2160 2689 Quum
2182 2592 2275 2665 enim
2300 2614 2423 2667 omnes

434 2715 515 2808 post
535 2708 716 2784 interitum
741 2709 904 2796 Caesaris
926 2734 1100 2785 novarum
1123 2704 1430 2811 perturbationum
1456 2734 1603 2785 caussae
1635 2710 1758 2810 quaeri
1781 2708 2006 2804 siderentur,
2039 2710 2167 2810 hisque
2191 2734 2272 2785 esse
2297 2734 2424 2785 occur·

434 2826 586 2901 rendum
606 2835 832 2930 putaremus3
856 2831 970 2905 omnis
988 2829 1064 2905 fere
1080 2838 1202 2905 nostra
1222 2830 1260 2904 in
1282 2830 1328 2904 iis
1349 2828 1657 2904 deliberationibus
1674 2828 1951 2904 consumebatur
1973 2829 2103 2905 oratioe
2126 2828 2233 2931 idque
2249 2836 2289 2903 et
2310 2852 2423 2930 saepo

325 2974 329 2981 ·
436 2946 540 3041 obas,
564 2953 600 3021 et
624 2946 777 3050 quodam
797 2947 985 3048 liberiore,
1018 2974 1128 3050 mam
1149 2947 1306 3043 solebat,
1343 2956 1380 3022 ct
1401 2948 1514 3049 magis
1538 2972 1650 3023 vacuo
1675 2948 1723 3023 ah·
1741 2945 2032 3023 interventoribus
2054 2945 2134 3042 die,
2166 2972 2274 3051 quurp
2293 2950 2354 3022 ille
2376 2940 2439 3025 ad'

435 3090 493 3141 me
521 3067 696 3161 venisse,
727 3064 843 3167 primo
876 3068 954 3163 illo,
989 3093 1081 3169 quae
1107 3076 1209 3143 crant
1244 3066 1447 3169 quotidiana
1483 3074 1519 3142 et
1544 3068 1644 3167 quasi
1679 3067 1835 3169 legitima
1854 3066 1977 3162 nobis,
2010 3065 2057 3140 de
2092 3091 2181 3165 pace
2205 3075 2243 3142 et
2267 3066 2314 3142 de
2335 3067 2423 3145 otio.

436 3184 575 3285 Quibus
599 3186 705 3281 uotis,
732 3183 831 3286 Quid
855 3180 973 3289 ergo?
998 3186 1114 3288 inquit
1133 3187 1213 3283 ille,
1236 3189 1402 3288 quoniam
1418 3185 1591 3261 oratorns
1616 3187 1886 3261 exercitationes
1907 3211 1978 3260 non
2001 3193 2042 3259 tu
2061 3184 2215 3284 quidem,
2241 3193 2283 3261 ut
2303 3210 2423 3288 spero,

435 3304 619 3405 reliquisti,
645 3304 709 3379 sed
728 3313 822 3380 certe
845 3306 1106 3407 philosophiam
1129 3308 1196 3382 illis
1220 3306 1464 3408 anteposuisti,
1489 3329 1681 3406 possumne
1703 3304 1834 3407 aliquid
1858 3295 2013 3380 audire?
2061 3305 2121 3380 'l'n
2144 3331 2241 3400 vero,
2263 3306 2423 3407 inquens,

438 3425 495 3497 vel
520 3421 644 3497 audire
668 3427 723 3499 vel
748 3424 876 3499 dicere.
928 3426 1003 3500 Neo
1030 3428 1123 3500 enim
1145 3424 1199 3528 (id
1224 3424 1317 3526 quod
1339 3411 1448 3501 recte'
1462 3424 1664 3520 existimes)
1697 3426 1852 3499 oratoria
1871 3424 1930 3498 illa
1956 3422 2075 3499 studia
2105 3424 2263 3516 deserui;
2294 3425 2425 3527 qurilms

437 3542 542 3617 etima
565 3549 600 3617 te
623 3542 779 3639 incendi,
805 3569 1017 3644 quamquam
1039 3545 1346 3648 thisdmum
1369 3568 1591 3645 acceperam
1615 3567 1681 3617 nec
1703 3567 1758 3638 ee,
1782 3562 1875 3645 quae
1896 3568 1990 3618 nunc
2011 3549 2133 3637 tracto,
2157 3545 2329 3639 minuunt,
2354 3545 2424 3620 sed

439 3668 572 3763 augent
585 3662 813 3764 potiusillam
839 3663 1052 3740 facultatem.
1103 3665 1195 3739 Nam
1217 3663 1381 3739 oum-boc
1404 3687 1533 3765 genere
1558 3662 1811 3763 philosophiae,
1836 3661 1930 3764 quod
1953 3687 2018 3737 nos
2040 3663 2238 3763 sequimur,¹
2258 3687 2425 3765 magnam

437 3779 543 3854 habet
564 3791 683 3856 orator
706 3783 924 3859 societatem.
974 3781 1215 3884 Subtilitatem
1238 3785 1329 3857 enim
1353 3783 1397 3857 ab
1420 3780 1616 3858 Academia
1638 3788 1819 3858 mutuatur
1843 3790 1879 3857 et
1902 3781 1935 3856 ei
1961 3779 2252 3858 umemreddit
2273 3781 2426 3858 uberta·

281 3898 286 3908 '
438 3907 509 3974 tem
531 3903 698 3977 orationis
724 3910 762 3977 et
786 3907 990 3976 ornamenta
1014 3901 1163 3978 dicendi.
1215 3902 1334 4003 Quam
1356 3902 1401 3978 ob
1440 3927 1539 3998 rem,
1572 3901 1737 4002 inquam,
1771 3901 1936 4002 moniam
1965 3901 2146 4001 utriusque
2173 3899 2281 3973 studii
2300 3911 2426 3978 nostre

438 4020 616 4119 possessio
642 4027 715 4113 est3
740 4017 862 4115 hodie,
885 4028 968 4095 utro
988 4019 1059 4095 frui
1082 4021 1203 4118 mulis,
1229 4023 1325 4122 optio
1348 4022 1393 4094 sit
1415 4027 1489 4094 tua.
1539 4020 1636 4094 Tum
1657 4020 1808 4112 Hirtius,
1833 4015 2099 4112 Gratimimum,
2122 4017 2255 4117 inquit,
2281 4028 2317 4093 et
2341 4028 2427 4095 tuo·

371 4174 374 4180 ·
438 4162 522 4212 rum
547 4139 705 4212 omnium
728 4140 862 4214 simile:
896 4140 981 4216 nibil
1004 4138 1099 4214 enirn
1113 4125 1289 4242 'umquam
1313 4137 1436 4212 abnuit
1457 4163 1536 4214 meo
1562 4136 1680 4214 studio
1705 4139 1867 4212 voluntas
1891 4143 1966 4212 tua.
2017 4134 2096 4214 Sed
2121 4137 2283 4239 moniam
2306 4131 2430 4216 rheto-

438 4251 513 4330 riea
535 4257 622 4331 mihi
645 4267 765 4334 vestra
787 4267 874 4334 sunt
896 4267 999 4355 notu,
1024 4265 1132 4359 teque
1154 4259 1193 4333 in
1216 4259 1260 4334 iis
1282 4264 1319 4332 at
1345 4257 1546 4332 audirimus
1568 4281 1687 4357 saepe,
1713 4262 1749 4332 et
1773 4253 1975 4351 audiemus,
1999 4263 2103 4357 etque
2128 4257 2216 4331 hanc
2238 4255 2430 4333 Acudesni·

439 4399 564 4450 oorum
584 4383 706 4452 contre
727 4379 951 4479 propositum
989 4376 1193 4480 disputandi
1214 4375 1501 4452 consuetudinem
1524 4373 1682 4452 indicant
1711 4384 1748 4452 te
1776 4376 1974 4475 suscepisse
2004 4374 2227 4451 Tusculanae
2261 4373 2429 4477 disputa·

441 4492 573 4588 tiones3
606 4522 737 4597 ponere
759 4495 913 4600 aliquid,
938 4495 985 4570 ad
1008 4495 1101 4600 quod
1125 4495 1285 4593 audiam,
1305 4498 1336 4571 si
1360 4495 1424 4570 tibi
1445 4520 1518 4570 non
1542 4504 1596 4572 est
1618 4494 1821 4589 molestum,
1837 4581 1839 4585 ¹
1855 4493 2047 4590 rolo.“⁷³)
2099 4495 2178 4569 Una
2205 4519 2287 4569 cum
2310 4496 2428 4574 Hirtio

440 4612 513 4688 illis
533 4615 571 4689 in
594 4615 787 4692 Puteolano
811 4614 954 4692 dicendi
975 4615 1280 4693 exercitationibus
1302 4615 1472 4692 intererat
1494 4613 1535 4691 C.
1562 4613 1692 4690 Vibius
1709 4612 1846 4709 Pensa,
1870 4612 2012 4689 lutunrs
2035 4613 2140 4688 Hirtii
2170 4614 2208 4689 in
2227 4614 2428 4696 Consulatu

442 4755 476 4808 a.
503 4733 550 4808 U.
576 4731 617 4809 C.
641 4738 730 4814 711.
753 4761 784 4811 s.
808 4739 872 4814 4³.
907 4737 1050 4839 collega.
1100 4733 1193 4812 Nam
1218 4733 1365 4832 Cicero,
1400 4732 1446 4809 de
1475 4731 1634 4809 nefanda
1659 4730 1805 4809 Antomi
1839 4731 2000 4810 Conmlis
2034 4731 2270 4810 dominatione
2297 4730 2431 4812 certior

509 4988 558 5056 72)
577 4990 689 5044 ornnem
709 5005 817 5060 operam
835 4989 917 5045 dohet
933 4989 1045 5059 cicaro,
1061 4996 1092 5044 nt
1106 4988 1221 5044 Hirtium
1237 4993 1267 5044 et
1280 4988 1406 5055 Pansam,
1446 4987 1535 5042 locum
1557 4985 1676 5058 quamvis
1690 4988 1801 5056 loegum
1816 4985 1868 5043 huc
1889 4985 2122 5055 truncn’heresm
2147 4991 2240 5057 amoto
2254 4987 2430 5060 praecipuum

443 5073 575 5131 Consules
584 5075 746 5142 designatos,
761 5074 791 5127 iu
801 5074 877 5128 Bruti
893 5082 921 5129 et
931 5075 1018 5130 Cassii
1034 5091 1154 5128 cromam
1166 5072 1342 5144 percelleret,
1358 5073 1406 5127 sed
1449 5087 1483 5126 ea
1498 5071 1528 5126 in
1543 5089 1639 5128 cauus
1654 5077 1759 5140 testem,
1775 5089 1828 5142 quo
1845 5078 1874 5127 et
1888 5078 1964 5127 vetus
1979 5073 2036 5141 itte,
2052 5089 2131 5143 mam
2149 5073 2274 5126 Ciceroni
2291 5075 2428 5132 cumffir·

443 5163 527 5215 muln
541 5159 651 5214 dmebst
666 5176 683 5213 s
698 5159 799 5225 llalho,
823 5175 936 5228 quocum
951 5159 1067 5213 Hirtium
1082 5158 1121 5213 ihl
1136 5158 1228 5212 virere
1244 5163 1273 5212 et
1287 5157 1410 5212 habitere
1450 5156 1488 5212 tio
1504 5156 1686 5212 intercessise
1701 5162 1799 5218 sutae,
1815 5155 1963 5212 stadiorum
1979 5157 2154 5212 commumum
2171 5156 2339 5213 necessitudo
2349 5175 2428 5216 eorn-

442 5245 538 5300 scrihit
551 5247 640 5300 Attico
656 5243 730 5298 Libr.
745 5243 815 5299 xlv.
832 5243 883 5312 Hp.
898 5245 943 5298 20.
959 5241 987 5312 ς.
1003 5243 1030 5299 l.
1046 5245 1080 5298 cl.
1095 5243 1170 5299 Libr·
1183 5244 1241 5298 ΧΥ.
1258 5243 1309 5313 llp.
1320 5241 1412 5312 l.§.8.
1452 5243 1595 5312 probatur,
1611 5246 1640 5295 et
1654 5241 1820 5296 ibustrantur
1836 5256 1881 5309 aa,
1897 5256 1967 5309 quae
1983 5243 2018 5296 de
2034 5241 2141 5295 dicendi
2157 5241 2393 5298 exercitationibus
2410 5263 2430 5302 a

442 5331 551 5400 Inque,
571 5330 661 5401 prouti
680 5328 722 5384 illl
742 5327 902 5383 eldebertus
922 5326 976 5398 ipsi
997 5330 1067 5383 beas
1088 5329 1188 5383 mrum
1204 5343 1237 5381 so
1253 5329 1323 5382 bens
1337 5327 1412 5397 loqui
1453 5327 1585 5382 Cicerone
1600 5325 1791 5381 in'l'usculsnc
1804 5339 1838 5380 ec
1849 5325 1998 5381 Puteolano
2014 5325 2141 5380 lnstitntis
2157 5324 2284 5380 haetenus
2301 5328 2429 5384 dissemi-

444 5414 473 5470 s.
490 5434 514 5470 ι.
528 5414 717 5471 coenosum
732 5411 792 5470 ses
808 5412 915 5484 aven,
931 5397 1158 5486 reinquinare
1172 5413 1267 5468 uuus
1282 5428 1353 5468 nese
1370 5412 1413 5470 st-
1454 5411 1539 5466 snno
1554 5410 1720 5480 nauem,
1737 5409 1829 5480 pens
1844 5408 1939 5464 east
1955 5411 2052 5466 ctam
2068 5410 2183 5466 nerem
2199 5412 2310 5482 ejusque
2327 5413 2431 5470 socae-

441 5506 558 5573 tuperst
1453 5511 1524 5552 aens.
1557 5495 1600 5548 De
1621 5495 1743 5565 scriptis,
1764 5509 1833 5564 quae
1854 5494 1944 5549 Hirtio
1963 5494 2124 5564 enormem,
2147 5495 2272 5565 operibus
2294 5499 2431 5556 subtiliter

510 5584 557 5656 78)
573 5587 635 5642 Non
656 5584 732 5657 potui
752 5584 817 5644 mihi
838 5589 988 5659 temperare
1010 5583 1074 5657 quin
1089 5579 1175 5640 lemn
1188 5581 1260 5640 huuc
1275 5579 1414 5640 Ciwronls
1454 5581 1513 5650 egit
1526 5581 1696 5650 Drumsnuus
1711 5578 1741 5634 is
1755 5579 1827 5634 Hist·
1843 5580 1920 5635 Bon.
1937 5579 1998 5636 lIol.
2014 5579 2061 5638 111.
2076 5597 2104 5654 p.
2120 5579 2155 5637 7⁵
2172 5597 2212 5651 sq.
