5717 6575
1142 635 1505 740 cressoneres
1528 634 1637 707 sos..
1737 652 1741 668 ·
1960 686 1966 693 -
2092 685 2094 689 -
2300 651 2374 744 aer
2495 580 2499 593 ¹

366 842 574 949 cumprimis
597 846 742 947 peritos,
775 871 836 922 eos
867 845 1022 923 vidimus
1046 823 1235 948 grandime
1258 845 1405 920 demum
1428 827 1541 919 aetate
1565 849 1761 945 exactoque
1783 844 1858 929 vita
1880 845 2021 946 publica
2045 860 2105 923 res
2132 872 2217 925 suas
2243 850 2381 958 chartis
2473 848 2475 852 ’

366 965 557 1050 mandasse
592 968 853 1067 memoriaeque
887 965 1096 1067 prodidisse.
1157 965 1253 1067 Quid
1294 966 1403 1066 igitur
1435 962 1641 1065 Augentum
1676 963 1832 1038 nondum
1867 963 2191 1070 quadragenarium
2219 971 2374 1072 impulit,

366 1095 409 1162 ut
434 1088 541 1162 ιιιιιιι
576 1112 689 1162 suam.
714 1111 864 1188 eamque
896 1085 1106 1161 Cantabrico
1140 1086 1232 1160 bello
1266 1092 1369 1159 tenus
1404 1109 1469 1158 nee
1500 1086 1595 1157 ultra
1625 1075 1851 1183 exponeret?
1887 1090 1923 1157 et
1948 1085 2179 1172 cur‘taindern
2204 1091 2374 1192 singulari

365 1232 503 1308 perque
529 1209 645 1306 amplo
669 1230 778 1305 opere
802 1229 882 1279 eam
905 1207 999 1281 vitae
1024 1213 1163 1306 partem
1189 1205 1370 1304 copiosius
1399 1210 1552 1277 tractare
1582 1202 1751 1297 instituit,
1782 1202 1828 1277 ad
1853 1227 1961 1304 quam
1985 1229 2056 1279 non
2078 1214 2200 1304 posset
2224 1235 2298 1284 non
2318 1213 2386 1287 in-.

367 1327 462 1402 vitus
488 1327 608 1400 oculos
632 1350 717 1400 suos
751 1330 962 1426 retorquere
984 1333 1021 1400 et
1043 1350 1151 1427 quam
1173 1326 1253 1399 stilo
1280 1323 1446 1424 persequi
1471 1323 1624 1396 omnino
1645 1323 1817 1398 incertrum
1841 1329 1895 1398 est
1919 1321 2053 1424 pudere
2074 1349 2155 1399 curn
2173 1330 2286 1431 magis
2299 1330 2374 1406 de·

322 1524 325 1529 ,
366 1444 484 1521 buerit
513 1469 561 1518 an
591 1439 746 1545 pigere?
799 1444 932 1519 Verum
970 1445 1066 1519 enim
1096 1467 1181 1518 vero
1217 1468 1329 1545 quum
1357 1467 1501 1517 meeum
1536 1441 1722 1542 perpendo
1756 1464 1822 1516 ‘res
1865 1466 1907 1516 ao
1938 1453 2119 1542 tempora,
2160 1471 2252 1546 quae
2290 1475 2373 1526 eum

368 1565 464 1641 cirea
488 1573 526 1640 ιι
549 1565 712 1665 proxime
738 1571 819 1664 post
840 1564 973 1638 bellum
998 1564 1249 1639 Cantabricum
1270 1565 1508 1657 incesserunt,
1544 1563 1635 1635 mibi·
1653 1569 1707 1636 est
1728 1563 1803 1635 veri
1826 1561 2058 1657 simillimum,
2089 1588 2173 1639 eum
2193 1566 2373 1647 bominem

368 1685 504 1789 gloriae
526 1683 623 1784 apud
646 1685 815 1783 aequales
846 1682 1095 1783 adipiscendae
1120 1690 1156 1756 et
1179 1683 1449 1757 immortalitatis
1483 1679 1580 1780 apud
1606 1689 1767 1780 posteros
1802 1679 2073 1783 consequendae
2095 1684 2372 1786 cupidissimum,
2428 1733 2432 1742 ¹
2476 1778 2480 1786 Ι

371 1815 449 1879 tum
472 1804 625 1903 priunum
646 1802 895 1903 cogitationem
919 1801 966 1876 de
991 1803 1199 1902 saeuisque
1223 1799 1331 1875 rebus
1361 1799 1458 1874 dorni
1487 1800 1647 1900 forisque
1679 1800 1789 1900 gestis
1819 1793 1993 1875 scribendi
2029 1804 2148 1878 animo
2171 1809 2373 1908 concepisse

368 1930 645 2023 conceptamque
668 1921 807 1996 omissis
829 1920 1000 1996 omnibus·
1014 1916 1226 1996 exsecutum
1250 1944 1340 1995 esse.
1392 1918 1619 2020 Quamquam
1632 1917 1827 2020 Augustus,
1842 1918 2003 1996 infirmus
2029 1947 2051 1995 a
2075 1948 2191 2021 puero
2216 1934 2254 1999 et
2273 1931 2373 2003 vale·

367 2041 586 2135 tudioarius,
610 2041 696 2116 nilril
720 2040 837 2116 nrinus
859 2065 1025 2142 uinquam
1048 2065 1209 2178 sperasse
1234 2037 1489 2113 existimandus
1519 2048 1595 2133 est,
1611 2094 1614 2099 .
1630 2063 1736 2138 quam
1764 2046 1979 2113 senectutem
2008 2041 2154 2117 crudam
2187 2056 2373 2147 vegetam-

370 2185 462 2262 que;
489 2167 607 2234 tamen
629 2162 709 2256 illo,
733 2186 802 2262 quo
825 2159 918 2256 dixi,
944 2167 1105 2260 tempore
1129 2158 1295 2234 animum
1307 2157 1493 2243 sollicitum
1525 2157 1742 2257 anxiumque
1779 2159 1910 2232 babere
1935 2157 2086 2237 debebat
2108 2163 2293 2261 repetita
2281 2168 2373 2242 msi-

367 2278 509 2354 diarum
530 2279 734 2380 frequentia
754 2271 789 2354 ei
810 2278 1017 2354 morb'orum
1041 2278 1144 2354 brevi
1164 2278 1334 2378 temporis
1367 2278 1550 2352 intervallo
1582 2278 1834 2353 recurrentium
1862 2279 2019 2381 gravitm
2051 2305 2202 2382 eumque
2237 2286 2373 2362 ιιιιιιιι

357 2399 494 2475 mortis
518 2397 735 2499 exspectatio
769 2405 805 2474 et
836 2399 943 2474 timor
966 2398 1164 2474 ιιιιοιιιιιι
1195 2398 1346 2474 stimulis
1374 2396 1542 2473 fodicare.
1551 2398 1599 2494 11)

522 2518 620 2593 Ηιιι
644 2518 751 2620 igitur
777 2519 965 2619 spectanti·
973 2520 1059 2595 mihi
1093 2528 1129 2595 ei
1163 2519 1298 2621 integre
1324 2516 1540 2593 examinanti
1572 2543 1644 2593 non
1675 2518 1825 2594 dubium
1858 2529 1916 2596 est
1950 2522 2035 2622 quin
2065 2523 2250 2627 Augustus
2282 2527 2373 2604 vitae

369 2651 459 2715 suae
487 2635 583 2712 laudi
616 2646 653 2712 et
685 2639 873 2745 memoriae
907 2639 1003 2742 apud
1031 2644 1201 2743 aequales
1231 2648 1466 2742 posterosque
1500 2642 1726 2715 consulturus
1759 2665 1823 2740 per
1857 2640 2036 2715 biennium
2074 2642 2153 2718 iere
2186 2670 2219 2720 a.
2253 2648 2298 2722 U.
2329 2648 2372 2723 G.

369 2756 546 2853 732l33„
573 2733 800 2859 antequam'
788 2786 826 2833 ιιι
849 2760 974 2836 Asiam
997 2760 1134 2857 abiret,
1157 2762 1344 2836 eonsilium
1366 2761 1497 2862 ceperit
1521 2759 1688 2835 exarandi
1713 2760 1845 2860 aliquot
1871 2760 1981 2836 libros
2006 2760 2051 2837 de
2076 2763 2159 2839 Vita
2184 2790 2250 2839 sua
2272 2748 2397 2845 eamss

370 2902 441 2979 que
464 2866 551 2977 pree
576 2878 722 2955 caeteris
747 2878 859 2955 insius
885 2905 926 2955 eo
952 2814 1155 2983 diligentiis
1181 2876 1413 2984 persequendi
1440 2888 1579 2982 partem
1602 2864 1717 2977 vitae,
1761 2905 1869 2981 quarn
1902 2881 1997 2955 omni
2020 2907 2062 2956 se
2092 2881 2261 2958 fraudum
2283 2910 2373 2960 sce-
2416 2977 2425 2993 .

368 2999 552 3098 letumque
576 3023 707 3099 genere
732 3000 992 3075 contaminasse
1018 3001 1182 3076 conscius
1207 3001 1278 3076 sibi
1298 3009 1403 3076 esset.
1455 3001 1497 3075 ln
1519 3003 1585 3076 boc
1607 3002 1700 3075 euim
1724 3024 1834 3100 opere
1858 3002 1958 3074 illum
1982 3001 2223 3103 chronologico
2249 3002 2373 3080 ordine

368 3135 397 3191 'a
418 3116 597 3195 natalibus
622 3119 699 3193 suis
725 3144 896 3194 exorsum
926 3120 1034 3195 etiam
1065 3123 1190 3195 aetatis
1224 3122 1370 3221 puerilis
1402 3127 1440 3194 et
1466 3122 1631 3220 juvenilis
1661 3145 1719 3197 res
1752 3126 1809 3215 et,
1836 3145 1926 3221 quae
1948 3122 2017 3220 ipsi
2042 3129 2239 3195 memoratu
2264 3121 2374 3224 digne

369 3234 590 3333 viderentur,
615 3237 690 3313 iata
714 3240 915 3314 narratione
941 3242 1166 3341 complexum
1191 3266 1291 3327 esse,
1315 3265 1387 3315 uon
1410 3239 1573 3314 dubitare
1603 3266 1669 3314 nos
1691 3240 1813 3314 sinunt
1837 3243 1916 3339 ejus
1942 3240 2122 3341 reliquiae.
2173 3239 2310 3342 injuria
2330 3242 2370 3317 id

369 3364 487 3458 negat,
500 3342 701 3434 Heerenius
735 3358 782 3433 de
814 3359 919 3435 Font.
949 3360 1045 3435 Plut.
1075 3388 1114 3462 p.
1148 3365 1235 3438 147.
1267 3366 1305 3433 ιι
1340 3344 1536 3455 149.‚'uti
1570 3368 1665 3435 recte
1699 3358 1955 3435 admonuerunt
1984 3360 2163 3435 Krousius
2199 3361 2245 3435 de
2268 3361 2373 3438 Font.

369 3475 520 3554 Sueten.
543 3503 581 3579 p.
605 3483 667 3556 31.
694 3486 728 3553 et
753 3479 1009 3554 Wilmaunsius
1042 3478 1087 3553 de
1113 3478 1221 3555 ‘Font
1255 3480 1363 3554 Dion.
1394 3478 1495 3555 Cass.
1531 3471 1657 3579 p.'21.
1699 3477 1801 3568 *Cum
1827 3478 1866 3551 in
1892 3476 2036 3580 Fragrn.
2062 3490 2093 3572 §.
2121 3484 2158 3555 3.
2180 3479 2227 3555 Ν.
2254 3484 2291 3555 3.
2314 3504 2376 3582 ap.

370 3595 541 3674 Servium
564 3608 855 3673 commemoretur
876 3624 923 3674 ex
940 3599 1049 3674 Libro
1074 3598 1239 3675 Secundo
1263 3624 1339 3693 res,
1367 3624 1460 3699 quae
1488 3596 1668 3673 acciderat
1698 3622 1818 3672 mense
1848 3596 1945 3674 Julio
1967 3622 2014 3671 a.
2037 3599 2082 3673 U.
2108 3598 2151 3675 G.
2177 3602 2266 3675 710.
2287 3600 2314 3693 ι.
2340 3623 2374 3677 e.

370 3717 503 3816 primo,
530 3742 599 3817 quo
626 3716 808 3819 Augustus
830 3720 972 3819 juvenis
997 3720 1188 3819 Apollonia
1218 3717 1371 3793 Romam
1402 3724 1566 3812 venerat,
1601 3741 1711 3810 anuo,
1742 3740 1815 3790 non
1842 3719 1934 3790 male
1965 3714 2143 3792 concludit
2173 3717 2375 3795 wilmun-⁴
2461 3731 2464 3738 '

372 3836 469 3930 sius,
504 3837 675 3937 pueritiae
702 3845 739 3911 et
758 3839 954 3937 juventutis
979 3846 1152 3939 tempora,
1166 3836 1255 3913 libro
1280 3845 1417 3912 tuntum
1446 3838 1560 3937 primo
1593 3835 1706 3910 fuisse
1738 3835 2001 3935 comprehensa.
2059 3837 2136 3930 Ae,
2169 3861 2264 3935 quae
2295 3862 2375 3913 mea

373 3954 518 4058 quidem
542 3964 600 4030 est
624 3956 806 4051 sententie,
830 3959 867 4031 in
889 3957 1107 4059 exponendis
1132 3958 1224 4031 vitae
1248 3955 1460 4033 domesticae
1484 3956 1586 4029 annis
1615 3980 1698 4030 eum
1722 3953 1919 4028 breviorem
1944 3953 2053 4029 baisse
2077 3954 2245 4044 existimo
2272 3955 2374 4031 etde
2496 4017 2499 4023 .

372 4100 503 4178 genere
535 4083 570 4150 ιι
606 4078 696 4150 vitae
728 4077 884 4176 privatae
919 4078 1088 4153 institutis
1119 4103 1163 4152 ea
1190 4085 1329 4151 tantum
1362 4075 1638 4176 perstrinxisse,
1685 4099 1776 4174 quae
1806 4074 1970 4175 malignis
2010 4075 2158 4147 aliorum
2196 4074 2372 4150 obtrecta-

372 4195 526 4282 tionibus
551 4204 585 4270 ιι
609 4194 818 4270 criminibus
843 4197 1005 4296 exposita
1028 4195 1256 4289 fuissent312)
1291 4196 1465 4296 eopiosior
1488 4203 1608 4269 autem
1638 4201 1675 4268 ιι
1699 4195 1895 4268 accuratior
1919 4183 2094 4267 dicendus
2116 4202 2173 4267 est
2196 4195 2310 4269 fuisse
2334 4195 2379 4269 in

375 4312 580 4389 enarrandis
604 4315 732 4408 rebus,
757 4338 843 4415 quas
867 4315 950 4390 iude
976 4315 1021 4389 ab
1047 4314 1130 4392 Julii
1157 4316 1318 4391 Caesaris
1335 4312 1472 4410 caede,
1500 4313 1605 4388 ιιιιιιιι
1635 4339 1676 4388 ιι
1706 4315 1859 4413 primum
1890 4311 1937 4386 ad
1967 4312 2110 4412 negotia
2145 4312 2286 4411 publica
2311 4337 2373 4388 ao·

374 4441 550 4531 cesserat,
583 4458 648 4533 per
674 4433 934 4509 Triumviratus
967 4435 1191 4535 potissimum
1222 4433 1411 4508 decursum
1442 4439 1616 4533 gesserat.
1672 4427 1717 4503 ld
1745 4440 1786 4506 ut
1817 4439 1989 4524 statuam,
2017 4455 2096 4504 cum
2112 4494 2115 4500 ,
2132 4433 2249 4527 illius,
2284 4456 2374 4533 quae

374 4577 577 4589 —u———a
739 4579 815 4588 -..-

442 4635 491 4704 11)
507 4638 637 4705 Magnum
661 4635 847 4691 documentum
871 4635 954 4689 animi
976 4637 1172 4707 praesagientis
1194 4643 1347 4706 praematu—
1396 4634 1490 4688 luisse.
1529 4635 1600 4688 Nam
1626 4634 1667 4687 illi
1687 4634 1731 4688 ιιι
1755 4635 1790 4687 ab
1814 4632 1881 4702 ipsis
1903 4633 2111 4702 Imperatoribus
2132 4632 2243 4701 impulsi
2260 4636 2304 4689 ιιι
2321 4652 2372 4690 ιιι

374 4738 433 4776 ram
450 4725 563 4775 mortem
581 4726 608 4775 et
625 4720 794 4774 formidantis
815 4720 881 4774 mihi
904 4721 1001 4776 videor
1016 4722 1138 4776 invenire
1154 4721 1183 4774 in
1200 4736 1248 4787 eo,
1275 4720 1346 4787 quod
1396 4718 1426 4771 iu
1444 4718 1507 4773 illos
1525 4719 1626 4789 pietate
1643 4718 1752 4772 adducti
1769 4718 1877 4772 illorum
1893 4718 1979 4785 adeo,
2002 4716 2048 4786 qui
2065 4716 2117 4786 ipsi
2134 4718 2169 4770 de
2187 4718 2242 4772 suis
2260 4719 2325 4774 istis
2344 4726 2372 4774 et

372 4807 524 4874 Augustus,
541 4806 584 4860 ιιι
601 4804 771 4859 admodum
759 4805 867 4871 juvenis
885 4812 912 4859 ιι
931 4822 1048 4873 reguum
1063 4808 1144 4859 modo
1162 4805 1277 4873 adeptus
1294 4811 1350 4857 sta-
1397 4805 1480 4857 rebus
1497 4809 1691 4874 exposuerant,
1714 4803 1798 4857 eitam
1819 4821 1836 4857 s
1860 4802 1959 4858 teneris
1976 4801 2167 4872 perscripsisse
2183 4819 2216 4858 aa
2232 4803 2372 4860 letissima

372 4890 421 4944 tius
439 4891 474 4944 de
490 4891 632 4945 condendo
648 4890 791 4943 Mausoleo
812 4890 956 4960 cogitarit,
977 4892 1007 4946 ιι
1024 4906 1077 4960 quo
1099 4888 1125 4944 si
1147 4890 1212 4959 quid
1230 4889 1283 4943 sibi
1300 4904 1348 4942 ac·
1399 4903 1522 4959 quaeque
1538 4887 1671 4970 expiscati
1695 4885 1841 4942 adnotas'se
1858 4886 2009 4944 traduntur.
2041 4892 2190 4957 Augustus,
2212 4892 2283 4943 teste
2300 4892 2371 4945 Sue·

372 4975 497 5044 uidisset,
515 4976 620 5029 eineres
637 4975 829 5045 sepelirentur.
847 4976 875 5028 id
894 4977 965 5030 enim
978 4977 1079 5045 jama
1071 4975 1129 5029 U.
1148 4975 1251 5031 (Lm
1270 4973 1351 5038 estid
1399 4974 1515 5028 tonioe.
1533 4973 1593 5041 aa,
1609 4957 1708 5027 ιιιῖιιοι
1724 4972 1914 5027 libertorum
1905 4989 1935 5025 m
1958 4972 2062 5027 benere
2078 4978 2105 5026 et
2121 4988 2171 5026 usu
2187 4974 2304 5027 maximo
2320 4971 2367 5029 lis·

296 5063 301 5071 ’
372 5076 401 5117 a.
430 5059 494 5114 cur
521 5060 646 5129 perfecit.
688 5060 758 5112 Nam
787 5075 846 5112 eum
879 5059 938 5127 jam
963 5059 1075 5131 praevio
1104 5058 1228 5114 avunculi
1258 5057 1350 5124 magui
1399 5058 1474 5125 buit,
1492 5012 1642 5126 dequibus
1668 5058 1736 5111 alias
1758 5057 1877 5112 dicturus
1899 5073 1968 5113 sum.
2007 5055 2130 5111 Aliorum
2147 5060 2290 5112 nonnullos
2307 5062 2369 5114 leu-
2392 5081 2395 5085 ·

372 5148 498 5214 esetnplo
515 5150 544 5199 et
559 5146 644 5200 caede
661 5146 782 5199 territum
805 5160 860 5197 non
877 5152 1003 5213 poteraut
1020 5161 1075 5198 non
1092 5152 1222 5213 perpetuo
1239 5145 1349 5196 subitae
1400 5143 1477 5196 davit
1491 5141 1624 5194 Krausios
1642 5143 1669 5195 d.
1685 5140 1759 5196 Ηιιι.
1776 5145 1854 5196 Rom.
1873 5161 1899 5211 p.
1918 5144 1961 5200 17.
1994 5143 2047 5196 His
2061 5141 2174 5195 ‘libertis
2191 5143 2369 5212 scriptoribus

372 5229 469 5284 mortis
492 5231 588 5284 timore
610 5230 724 5298 implere
745 5228 864 5283 insidiae
886 5235 915 5283 et
931 5228 1161 5300 conspirationes,
1187 5245 1255 5297 quae
1274 5228 1351 5283 brevi
1400 5234 1526 5298 quantum
1547 5225 1736 5279 auctoritatem
1759 5227 1902 5281 tribuerint
1928 5227 2046 5297 seriores
2071 5228 2262 5296 Imperatores,
2286 5244 2370 5295 argu·

371 5314 503 5384 temporis
521 5313 610 5385 spatio
627 5313 760 5384 repetitae
784 5314 941 5368 aeciderunt
963 5314 1041 5368 anuis
1062 5314 1096 5369 U.
1119 5314 1151 5369 0.
1168 5314 1227 5371 72⁵.
1244 5313 1304 5370 728.
1321 5317 1350 5365 ιι
1399 5317 1489 5366 mento
1506 5317 1549 5365 est
1564 5309 1735 5380 Hadrianus,
1750 5311 1786 5365 de
1803 5327 1856 5382 quo
1873 5312 2032 5381 Spartianus
2050 5326 2074 5365 ι.
2092 5311 2148 5376 la:
2166 5314 2303 5379 „Famae
2320 5327 2370 5367 ee-

372 5399 437 5455 788.
451 5398 490 5455 el.
507 5399 654 5453 Suetonius
673 5415 696 5454 ι.
714 5401 757 5453 19.
774 5404 801 5452 ιι
817 5399 862 5457 dii.
878 5399 970 5468 ibique
986 5398 1134 5454 semeias.
1398 5399 1487 5451 lebria
1507 5398 1678 5450 Hadrianus
1700 5401 1762 5450 tam
1785 5399 1908 5463 cupidus
1933 5398 2009 5464 suit,
2035 5400 2070 5449 ιιι
2087 5397 2177 5448 libros
2198 5397 2277 5449 vitae
2298 5411 2370 5451 sarae

443 5484 492 5553 la)
510 5486 566 5540 Sub
582 5484 806 5554 Imperatoribus,
828 5485 902 5554 apud
925 5500 992 5555 quos
1009 5483 1102 5538 liberti
1117 5497 1217 5549 magus
1232 5485 1349 5553 plerum·
1399 5484 1529 5547 scriptae
1548 5499 1568 5535 a
1586 5497 1617 5535 se
1637 5484 1749 5538 libertis
1766 5484 1830 5535 suis
1846 5483 1987 5536 litteratis
2002 5483 2125 5549 dederit,
2139 5480 2255 5546 jubeas,
2271 5485 2305 5534 ut
2321 5496 2370 5535 eos

374 5586 429 5640 que
447 5570 538 5637 gratia
561 5576 589 5624 et
610 5569 734 5640 potentia
756 5570 905 5637 florebant,
922 5586 977 5624 non
994 5569 1091 5623 mirum
1109 5568 1258 5635 videbitur,
1274 5568 1351 5622 illum
1400 5570 1564 5621 nominibus
1580 5569 1643 5620 suis
1658 5569 1859 5636 publicarent,
1876 5581 1944 5621 ιιιιιι
1961 5566 2122 5633 Pareamus
2139 5566 2207 5619 libri
2223 5567 2371 5620 Hadriani

308 5717 311 5722 ,
373 5671 491 5724 murem,
519 5672 598 5725 quen
624 5671 707 5725 supra
727 5655 764 5716 N.
781 5656 807 5711 5.
835 5654 929 5726 attigi,
964 5660 992 5709 et
1019 5652 1200 5725 permansisse
1224 5659 1251 5709 et
1273 5653 1370 5734 iura*-
1403 5669 1466 5709 esee
1483 5651 1649 5712 etmnuuf‘
1924 5720 1926 5722 ¹
1978 5722 2029 5796 ²6
