5717 6575
327 652 332 659 g
403 522 459 651 'x2
1066 498 1725 662 embrrmo'arnrroro'mn
1850 644 1853 653 ,
1974 530 1980 539 ’

412 776 713 875 ωῃηῑιὶῐςφιοᾱ
735 772 771 846 ἱιι
796 777 907 865 tanta,
932 758 1096 870 quantam
1120 777 1242 844 nostra
1264 732 1498 865 aeas'v'tdtr,
1524 718 1719 843 literarum.
1740 716 1959 869 antiquarum
1983 771 2064 846 lnce
2086 772 2223 850 minime
2248 756 2389 877 possint

334 1010 337 1019 ³
414 913 569 1021 prnbari.
621 911 717 985 Nilril
741 914 784 981 nt
808 908 923 982 dicam
948 907 996 981 de
1018 905 1140 980 Indice
1162 908 1243 1003 isto,
1268 932 1374 1008 quem
1394 905 1575 982 Fabricius
1600 908 1639 980 in
1663 907 1780 981 trente
1802 907 1930 1006 posuit,
1944 931 2046 982 ,sane
2071 934 2177 1015 quam
2201 914 2391 1014 splendido

415 1060 453 1129 et
482 1053 594 1126 multa
616 1048 855 1148 promittente,
881 1046 944 1145 qui
969 1045 1106 1145 cuique,
1131 1034 1282 1144 eognitis
1305 1069 1454 1144 operum
1479 1044 1523 1117 ab
1545 1045 1713 1145 Augusto
1740 1045 1950 1142 scriptorum
1973 1044 2141 1145 reliquiis,
2167 1074 2280 1125 vanus
2302 1061 2395 1152 per-3·

274 1222 278 1228 ·
329 1264 332 1269 ,
418 1216 488 1293 que
513 1175 680 1261 ridiculus
704 1183 893 1277 videbitur,
920 1182 1074 1281 primum
1099 1179 1185 1254 illud
1206 1179 1322 1254 minus
1336 1178 1560 1280 probandum
1583 1178 1686 1275 duco,
1709 1179 1804 1280 quod
1830 1179 1887 1254 bio
1910 1181 1948 1253 in
1963 1181 2123 1255 ordinem
2148 1189 2280 1286 recepti
2303 1200 2390 1266 sunt

417 1324 592 1430 ejusmodi
612 1329 778 1395 *veterum
803 1319 987 1419 utriusque
1013 1318 1133 1438 populi
1157 1309 1369 1415 scriptorum
1402 1318 1481 1411 loci,
1516 1323 1551 1390 et
1581 1316 1709 1392 Graeci
1737 1315 1881 1418 quidem
1912 1320 2076 1417 apposita
2099 1320 2392 1421 interpretatione
2444 1326 2451 1340 ’

418 1465 557 1556 Latius,
582 1461 621 1533 in
645 1458 770 1558 quibus
792 1483 865 1531 non
887 1464 957 1530 tam
983 1456 1138 1559 propria
1154 1454 1268 1553 ipsius
1281 1453 1438 1554 Augusti
1462 1452 1572 1527 verba
1591 1455 1826 1546 continentur,
1851 1477 1958 1554 quam
1981 1442 2098 1555 operis
2124 1458 2273 1557 alicujus
2285 1489 2391 1539 men.

351 1664 354 1673 ,
418 1603 471 1678 tie
497 1592 633 1674 tantum
658 1563 813 1694 injicitur
839 1602 900 1668 ant
924 1597 1002 1693 ejus
1028 1598 1272 1694 argumentum
1294 1590 1500 1663 summatim
1519 1587 1701 1665 indicatur.
1752 1591 1798 1665 lli
1823 1591 1893 1664 loei
1917 1617 2060 1688 omncs,
2087 1593 2120 1669 ni
2145 1595 2231 1695 quid
2250 1597 2389 1702 judico,

419 1739 626 1836 neutiquam
648 1732 740 1805 inter
765 1733 843 1830 ipsa
861 1731 1083 1832 'Fragmenta
1106 1726 1259 1828 ponendi
1283 1734 1402 1820 erant,
1433 1725 1495 1800 sed
1511 1726 1724 1826 ‚proferendi
1748 1727 1993 1804 tantummodo
2016 1735 2194 1829 tamquam
2218 1739 2328 1811 testes
2354 1738 2391 1813 in

346 1884 362 1911 '³
421 1872 663 1979 disputatione
698 1867 742 1942 de
770 1868 931 1942 Caesaris
956 1867 1112 1968 Augusti
1137 1863 1264 1940 studiis
1291 1863 1470 1938 litterariis
1496 1888 1691 1962 eorumque
1716 1865 1864 1940 rationo.
1882 1864 2144 1964 'liujuscemodi
2169 1876 2286 1945 autem
2313 1872 2393 1949 dis·

290 2004 295 2015 “
421 2013 640 2117 putationem
665 2006 827 2107 quamvis
860 2004 1095 2078 neeessariam
1127 2002 1317 2101 utilemque
1349 2000 1539 2075 lectoribus
1573 2025 1637 2074 suo
1667 2001 1704 2074 in
1733 2003 1908 2100 opusculo
1947 2000 2139 2077 desiderari
2169 2031 2299 2105 passus
2335 2020 2394 2088 est
2458 2014 2461 2019 ’

287 2147 291 2160 “
421 2147 616 2227 Fabricius.
675 2141 813 2216 Deinde
843 2140 888 2215 de
922 2138 1065 2235 ordine,
1099 2164 1207 2239 quem
1229 2137 1445 2238 Rutgersius
1478 2162 1519 2210 ac
1555 2123 1741 2212 Fabricius
1775 2139 1815 2212 in
1838 2137 2024 2214 offerendis
2047 2140 2211 2217 Caesaris
2231 2149 2392 2246 Augusti
2471 2206 2478 2215 .

421 2285 572 2384 Scriptis
600 2279 709 2353 secuti
735 2278 818 2372 sint,
846 2276 877 2350 'si
902 2277 1121 2376 quaerimus,
1148 2281 1283 2348 tantum
1309 2272 1409 2353 abest
1440 2280 1482 2346 ut
1507 2275 1578 2347 ulla
1607 2283 1780 2374 appareat
1807 2276 1897 2351 ratio
1928 2299 1971 2348 ac
2004 2303 2128 2353 norma
2160 2278 2310 2378 idonea,
2339 2293 2394 2380 nt,

424 2392 655 2524 quaecunque
691 2413 739 2489 de
772 2415 838 2489 illis
875 2440 898 2490 a
932 2411 1165 2514 scriptoribus
1200 2410 1343 2510 prodita
1374 2410 1621 2509 reperiuntur,
1660 2411 1699 2484 in
1733 2434 1842 2486 unam
1877 2415 2004 2488 molem
2051 2424 2183 2492 temere
2226 2429 2394 2521 congesta

425 2556 624 2635 rideantur.
2256 2552 2289 2559 ”
2328 2553 2332 2560 '

578 2826 705 2925 ltaque
730 2820 816 2895 mihi
842 2820 930 2893 banc
960 2819 1049 2892 inire
1078 2819 1209 2918 placuit
1240 2819 1356 2914 marn,
1386 2825 1426 2894 ut
1458 2820 1630 2894 revocatis
1663 2818 1756 2895 illius
1780 2821 2009 2920 Imperatoris
2033 2822 2182 2927 Scriptis
2217 2828 2264 2902 ad
2297 2842 2396 2907 certa

426 2962 599 3072 quaedam
626 2984 771 3062 genera,
795 2958 925 3057 cuique
949 2956 1085 3057 generi,
1113 2954 1280 3030 adhibitis
1305 2957 1518 3069 scriptorum
1538 2964 1695 3033 ,veterum
1720 2958 1944 3071 testimoniis,
1970 2959 2120 3036 breviter
2155 2974 2207 3041 et.
2221 2969 2395 3046 universe
2444 3050 2446 3053 ,

427 3102 671 3206 praefarerpet
696 3094 900 3193 tumipsas,
925 3094 1066 3194 siquae
1090 3099 1301 3192 supersunt,
1328 3084 1452 3192 operis¹
1473 3097 1648 3193 cujusque
1672 3094 1855 3196 reliquias,
1877 3099 2078 3172 necessaria
2111 3096 2302 3180 bistruetas
2328 3107 2397 3181 ad·

333 3250 341 3267 ⁸
397 3216 620 3329 'mtatione
647 3230 872 3331 subjicerem.
924 3228 968 3303 ln
993 3227 1194 3331 digerendis
1217 3234 1336 3303 autem
1357 3229 1512 3332 Scriptis
1537 3230 1607 3306 illis
1633 3230 1712 3331 ipse
1738 3229 1798 3308 diu
1823 3230 1950 3309 dubius
1973 3229 2092 3332 baed,
2124 3236 2171 3310 ad
2204 3264 2318 3341 quam
2335 3268 2399 3318 re·

430 3378 552 3480 gulam
576 3394 657 3445 mea
682 3392 805 3468 opera.
814 3364 1001 3467 dirigenda
1025 3373 1121 3441 esset
1144 3367 1183 3441 in
1207 3392 1265 3460 re,
1298 3392 1387 3468 qnae
1406 3365 1583 3468 ejusmodi
1605 3376 1677 3464 est,
1713 3375 1755 3444 nt
1779 3368 1920 3445 facibrrs
1945 3372 2060 3471 possis
2085 3375 2235 3450 aliorum
2259 3402 2399 3456 errores

313 3521 318 3533 ’
429 3503 702 3607 notare,'qnam
727 3502 815 3603 quid
836 3527 959 3578 rerum
986 3503 1042 3598 sit,
1066 3503 1145 3602 ipse
1167 3510 1362 3603 praestare.
1413 3503 1555 3606 Scripta
1571 3502 1728 3607 Augusti
1752 3505 1785 3581 si
1806 3505 1856 3579 'ad
1880 3516 2042 3583 nostram
2066 3514 2273 3587 memoriam
2296 3519 2400 3591 man-

393 3657 396 3664 “
422 3649 573 3742 „sissent
598 3641 646 3718 ad
671 3641 801 3741 triplex
823 3664 936 3742 genus
962 3646 1126 3739 poterant
1150 3638 1336 3715 commode
1360 3637 1495 3735 reduci,
1522 3640 1574 3715 ita
1596 3648 1649 3736 ut,
1671 3648 1813 3741 praeter
1837 3648 1988 3721 Privata
2013 3652 2049 3719 et
2072 3652 2232 3746 Publica,
2258 3653 2401 3729 nomine

286 3872 291 3880 ,
432 3789 681 3863 tracesiorum
705 3778 842 3877 reliqua
855 3776 986 3851 omnia
1008 3777 1400 3877 comprehenderentur.
1425 3763 1484 3852 At'
1500 3798 1581 3894 cum
1604 3777 1756 3853 alionum
1780 3782 1858 3881 ejus
1874 3805 2022 3881 operum
2047 3784 2134 3859 nibil
2152 3786 2233 3861 nisi
2247 3788 2399 3864 frustula

432 3942 613 4022 perpauca
634 3923 671 3989 et
696 3905 821 3988 misere
847 3912 1029 4012 discerpta
1054 3916 1250 4013 supersint,
1283 3914 1433 4024 alienun
1464 3915 1610 3989 nomina
1633 3922 1770 3989 tanturm
1798 3941 1840 3990 ac
1862 3919 1952 3991 tituli
1982 3932 2317 4021 commemorentur,
2349 3902 2402 4001 ita

433 4064 476 4131 ut
501 4079 547 4130 ne
568 4052 614 4126 de
636 4050 795 4152 partibus
820 4046 962 4149 quidem
985 4050 1183 4150 'argumenti
1211 4056 1246 4122 et
1271 4046 1316 4122 dc
1340 4047 1462 4145 modo,
1488 4074 1560 4150 quo
1585 4058 1758 4125 tractatae
1781 4060 1900 4149 erunt,
1922 4054 2052 4130 nedum
2078 4057 2257 4137 detotius
2284 4063 2402 4163 operis

436 4191 585 4268 cornilio
611 4196 648 4262 et
671 4185 806 4260 ambitu
831 4186 917 4259 certi
940 4184 1025 4286 qnid
1048 4179 1251 4291 conjectura
1274 4183 1448 4283 probabili
1473 4189 1573 4260 sumi·
1590 4195 1714 4288 queat,
1747 4190 1922 4290 tripartita
1954 4192 2019 4268 bae
2044 4192 2291 4273 distributione
2314 4200 2403 4276 nibil

438 4351 656 4430 magnopere
678 4327 908 4400 lucraremur.
959 4322 1077 4421 Quam
1100 4321 1147 4396 ab
1172 4345 1336 4396 caussam
1358 4315 1444 4396 mibi
1468 4348 1544 4398 rem
1568 4325 1637 4399 bne
1658 4326 1742 4449 illue
1758 4326 1819 4401 diu
1842 4331 2061 4431 multumque
2071 4314 2262 4432 pensitanti
2288 4339 2405 4438 potior

437 4466 512 4540 risa
534 4471 590 4537 est
617 4488 661 4548 ea
685 4461 787 4554 ratio,
815 4484 885 4562 qua
909 4459 1064 4561 Augusti
1090 4467 1188 4534 aetas
1209 4460 1434 4559 potissimum
1455 4467 1674 4563 spectaretur
1699 4470 1753 4558 et,
1787 4490 1878 4565 quac
1909 4491 1931 4539 a
1956 4470 2186 4569 scriptoribus
2212 4484 2404 4559 memorata

438 4599 672 4694 inveniuntur,
697 4597 839 4696 Scripta
864 4600 940 4697 ejus
958 4593 1003 4670 'in
1027 4604 1228 4690 taumatia,
1260 4581 1391 4673 Virilis
1415 4603 1451 4672 et
1475 4606 1616 4675 senilia
1643 4598 1797 4699 qrdrdam
1831 4602 1939 4678 modo
1958 4599 2205 4683 'dividerentur
2239 4617 2275 4683 et
2296 4611 2405 4686 bocca

440 4735 570 4823 ordine'
592 4724 902 4838 percenseremus
949 4733 1076 4834 Neque
1101 4740 1231 4828 tamen,
1257 4732 1293 4806 id
1320 4733 1415 4834 quod
1441 4761 1509 4835 per
1533 4761 1573 4810 se
1599 4736 1821 4839 intelligitur,
1856 4737 1894 4813 in
1915 4739 2013 4844 tanta
2038 4714 2320 4821 testimoniorum
2351 4751 2405 4824 rel

441 4875 618 4975 paucitate
652 4873 708 4946 rel
731 4870 969 4974 ambignitate-
982 4868 1072 4946 lines
1096 4870 1201 4970 bajus
1233 4871 1378 4947 rationis
1408 4870 1539 4974 rrlriqne
1571 4897 1593 4948 a
1625 4900 1683 4948 me
1720 4883 1921 4951 constanter
1953 4902 1995 4953 ao
2028 4880 2194 4983 religiose
2227 4885 2408 4961 ebremari

442 5017 613 5112 poterant.
2264 5019 2266 5024 ’

494 5367 498 5378 .
597 5316 678 5393 Jarn
704 5312 821 5386 omnis
844 5313 933 5387 bace
958 5317 1122 5389 materias
1148 5339 1219 5415 qno
1242 5307 1386 5388 uberior
1409 5310 1579 5391 reddatur
1604 5317 1769 5419 lectuque
1789 5318 1990 5418 juermdior,
2016 5348 2090 5397 non
2121 5328 2275 5402 alienum
2300 5330 2410 5405 suerit

445 5454 525 5528 bine
546 5452 644 5527 illinc
671 5449 881 5549 disputando
906 5451 1099 5549 exspatiari
1124 5475 1238 5552 eaque
1262 5453 1370 5576 simpl
1393 5454 1614 5554 complecti,
1635 5480 1728 5557 quac
1751 5451 1914 5533 Caesaris
1938 5461 2092 5564 Augusti
2115 5466 2243 5563 vitam,
2274 5485 2410 5563 mores,

2076 5743 2091 5766 “
2240 5747 2273 5810 ri
