5717 6575
428 649 506 726 aas
612 589 614 593 ¹
815 577 821 631 ³
1136 629 1730 709 aonmnssmssoeusm
2462 721 2466 733 Ι

584 829 668 907 XII.
694 828 763 904 Dio
789 825 936 903 Cassius
960 825 1060 902 Libr.
1084 768 1267 903 XLVIII.
1284 851 1318 903 e.
1342 828 1426 903 44.·
1462 830 1710 902 Συνοικοῦοα
1730 821 1776 902 δὲ
1798 821 1920 923 ἤδη
1896 854 1923 923 η
1946 821 2068 930 γονὴ
2066 831 2129 926 τιό
2122 818 2339 934 Καίσαρι,
2379 825 2436 904 ri·

430 966 511 1029 κτει
534 945 729 1025 Κλαύδιον
761 948 940 1047 Δροῦσον
965 944 1144 1047 Νέρωνα.
1176 944 1242 1021 καὶ
1269 942 1391 1023 αὐτὸν
1418 942 1442 1021 ὅ
1466 949 1615 1046 Καῖσαρ
1640 941 1707 1020 scol
1733 934 1901 1022 ἀνείλετο
1934 942 2079 1044 καὶτῷ
2104 945 2220 1061 πατρὶ
2246 947 2434 1047 ἔπεμψεν·

275 1079 277 1083 ’
429 1068 527 1146 αὐτὸ
545 1075 659 1144 τοῦτο
687 1069 723 1150 ἐς
747 1063 799 1141 τοὶ
820 1060 1077 1162 ὑπομνήματα
1102 1062 1315 1169 ἐγγράψας,
1342 1062 1401 1140 ὅτι
1423 1069 1572 1165 Καῖσαρ
1597 1093 1641 1140 το
1628 1062 1853 1168 γεννηθὲν
1873 1063 2019 1162 Λιουΐᾳ
2043 1071 2091 1162 τῇ
2118 1065 2257 1141 ἑαυτοῦ
2282 1064 2436 1170 γυναικὶ

431 1185 588 1265 παιδίον
609 1184 759 1286 Νέρωνι
784 1191 839 1284 τῷ
864 1211 981 1284 πατρι
967 1182 1188 1260 ἀπέδωκε.
1239 1182 1316 1259 Καὶ
1334 1185 1474 1268 ἐκεῖνος
1498 1189 1685 1259 τελευτῶν
1711 1182 1757 1258 οὐ
1784 1190 1908 1284 cotto
1898 1181 2114 1284 ιῧοτερον,
2142 1167 2348 1283 ἐπίτροπον
2371 1183 2435 1260 καὶ

429 1301 557 1406 τούτῳ
582 1303 648 1380 nol
673 1312 729 1402 τῷ
757 1299 920 1401 Τιβερίῳ
946 1299 1066 1377 αὐτὸν
1089 1302 1160 1380 τὸν
1183 1299 1360 1402 Καίσαρα
1384 1301 1595 1378 κατέλιπεν.
1639 1299 1751 1379 ‘'Od
1780 1296 1852 1378 οὖν
1878 1257 2007 1401 dpsloe
2037 1302 2136 1376 ἄλλα
2159 1329 2202 1377 τε
2225 1299 2287 1378 ἐπὶ
2311 1300 2435 1405 τούτῳ

434 1422 555 1501 πολλοὶ
581 1380 797 1522 dcedodttsr
820 1419 886 1495 καὶ
906 1425 984 1505 τοῖς
1009 1420 1211 1516 εὐτυχοῦσι
1235 1419 1400 1521 τρίμηνα
1425 1418 1560 1496 παιδία
1582 1413 1799 1568 proscindas
1830 1421 1977 1527 ἔλεγεν
2009 1417 2108 1539 ὥστε
2139 1419 2205 1497 καὶ
2234 1422 2273 1508 ἐς
2305 1446 2437 1522 παροι-

431 1541 530 1642 μίαν
549 1539 593 1618 τὸ
620 1541 707 1625 ἔτος
727 1547 914 1680 χωρῆσαι.

586 1662 685 1738 Haeo
710 1661 901 1736 maximam
924 1668 1063 1761 partem
1087 1664 1249 1759 spectant
1267 1658 1324 1734 ad
1357 1685 1390 1736 a.
1416 1661 1464 1735 U.
1489 1660 1531 1736 C.
1556 1665 1647 1739 716.
1670 1687 1703 1738 s.
1729 1666 1792 1739 38.
1818 1684 1850 1736 a
1877 1659 1986 1758 Cim,
2017 1686 2088 1762 quo
2120 1685 2211 1736 anno
2245 1660 2434 1764 Augustus

432 1779 585 1859 Claudio
607 1777 742 1856 Neroni
764 1779 904 1855 liviam
936 1777 1087 1854 abduxit
1117 1771 1312 1880 gravidam.
1367 1780 1518 1861 Paetum
1547 1778 1658 1854 edidit
1691 1780 1795 1855 Livia
1825 1779 1918 1854 intra
1952 1782 2115 1875 tertium,
2150 1807 2220 1881 quo
2251 1787 2434 1882 nupserat,

434 1904 623 1995 mensem,
641 1898 799 2000 fuitque,
819 1908 863 1974 ut
884 1899 1076 1974 Suetonius
1101 1897 1226 1974 Claud.
1261 1903 1356 1976 el.
1379 1898 1510 2003 refert,
1544 1899 1730 1999 suspicio,
1748 1901 1905 1975 Dmsurn
1936 1924 1986 1973 ex
2017 1900 2139 1974 vitrioo
2172 1926 2238 2001 per
2268 1898 2434 1974 adulterii

434 2016 725 2096 eonsuetudineru
746 2026 969 2125 procreatum
992 2043 1085 2094 mse.
1136 2017 1242 2092 Ratio
1266 2026 1405 2113 autem,
1434 2043 1500 2092 eur
1521 2018 1753 2158 Augustus
1742 2044 1779 2092 ru
1803 2017 2075 2094 Commentariis
2101 1998 2316 2119 prodiderit,
2341 2018 2435 2125 Ihu·

434 2143 514 2217 sun
537 2136 656 2217 murlo
685 2146 807 2212 uatum
839 2162 861 2212 a
891 2163 933 2212 se
963 2138 1057 2238 patri
1091 2134 1272 2211 redditum
1293 2162 1394 2233 esse,
1444 2137 1482 2212 iu
1520 2139 1640 2238 aprico
1680 2143 1746 2212 est.
1808 2135 1991 2212 Voluit
1962 2164 2015 2213 ιιο
2040 2162 2225 2213 occurrere
2246 2136 2435 2237 suspiciosi

430 2259 497 2338 isti
522 2283 565 2334 eo
588 2257 722 2333 rimi
747 2255 794 2331 de
816 2255 990 2331 adulterio
1017 2265 1053 2330 et
1076 2255 1194 2331 famae
1224 2281 1313 2331 suae
1335 2258 1533 2332 consulere.
1582 2255 1658 2332 Neo
1682 2256 1770 2331 setis
1793 2280 1989 2357 assequor,
2021 2256 2198 2358 quomodo
2231 2257 2288 2331 4ιῑο
2311 2252 2434 2330 Bionis

306 2464 310 2471 ¹
432 2380 534 2454 Ionam
559 2377 769 2454 documento
794 2401 874 2451 esse
898 2375 1033 2476 possit,
1057 2376 1165 2450 vitam
1188 2375 1364 2475 privatam
1389 2375 1437 2450 ab
1462 2375 1628 2478 Augusto
1659 2375 1761 2450 valde
1794 2375 1907 2450 libere
1932 2374 2148 2478 descriptam
2184 2399 2289 2474 esse,
2320 2371 2435 2474 judice

434 2497 648 2571 Wilmausio
671 2495 720 2569 de
746 2491 849 2571 Fout.
873 2495 1002 2598 Diouis
1027 2495 1132 2572 Cass.
1157 2522 1192 2595 p.
1217 2498 1282 2571 24.
1331 2493 1471 2594 (brodsi
1497 2494 1541 2570 ab
1564 2520 1628 2591 eo,
1659 2503 1700 2570 ut
1729 2495 1915 2595 suspicor,
1946 2491 2080 2570 ibidem
2101 2497 2200 2572 iacta
2224 2500 2280 2569 est
2302 2493 2434 2567 mentio

433 2616 621 2710 tutelae,
608 2642 647 2689 ιιι
673 2641 780 2715 quam
803 2594 1009 2690 monumento
1040 2616 1158 2716 putris
1181 2615 1250 2689 rita
1284 2613 1441 2690 defundi
1474 2622 1626 2715 uterque
1651 2612 1767 2710 filius,
1798 2614 1984 2689 Tiberius
2000 2621 2040 2688 et
2059 2615 2233 2708 Ilmsus,
2263 2613 2433 2711 venerunt,

436 2734 586 2807 sortasse
611 2733 706 2808 iacto
729 2731 917 2809 ostendere
941 2733 1071 2831 voluit,
1095 2724 1243 2809 Liviam
1263 2722 1358 2808 bslrd
1387 2733 1535 2811 inritam
1564 2731 1731 2810 Claudio
1744 2731 1880 2809 Neroni
1909 2714 1984 2808 nou
2018 2734 2126 2808 inrito
2158 2742 2208 2808 et
2220 2712 2434 2836 repugnanti

435 2851 624 2931 abductam
642 2879 739 2930 esse.
788 2853 970 2949 Tiberius,
993 2858 1107 2954 major
1131 2851 1257 2929 Liviae
1280 2851 1398 2949 fitius,
1423 2879 1531 2955 quum
1554 2861 1658 2928 naurs
1690 2852 1794 2929 sltd.
1810 2838 1918 2928 XVI
1941 2831 2095 2928 Kalend.¹
2114 2850 2305 2929 Decembr.
2332 2853 2434 2929 aU.

434 2972 479 3048 C.
505 2977 594 3049 712.
616 2980 654 3046 et
679 2970 883 3060 defunctum
906 2979 1046 3073 patrem
1069 2997 1160 3073 puer
1184 2973 1354 3047 novennis
1386 2997 1455 3071 pro
1487 2973 1624 3047 Rostris
1652 2957 1817 3047 laudasse
1842 2970 2000 3068 dicatur,
2032 2973 2208 3074 sequitur,
2243 2970 2431 3048 Claudiurn

436 3091 615 3168 Neronem
639 3099 778 3190 patrem
800 3090 987 3168 obiisses.
1010 3090 1059 3166 U.
1086 3089 1129 3166 0.
1155 3097 1243 3167 724.
1274 3089 1348 3164 ι4ι4.
1371 3089 1566 3167 Suetonius
1596 3089 1722 3168 Tiber.
1748 3095 1841 3167 ο.5.
1865 3094 1963 3167 dd.
1991 3129 1994 3135 ·

589 3210 744 3284 Praeter·
760 3212 983 3284 matrimonia
1001 3204 1144 3284 ridetur
1166 3204 1330 3332 Augusto
1345 3201 1559 3284 Triumvim
1585 3210 1754 3312 probrum
1787 3209 1951 3284 attulisse
1981 3209 2133 3284 sacimas
2158 3216 2195 3284 et
2217 3206 2434 3310 cousuetudo

434 3329 619 3405 somnum
642 3329 893 3431 quorumdam,
920 3323 1048 3432 quibus
1066 3330 1169 3404 infra
1202 3324 1304 3405 suam
1324 3327 1536 3432 dignitatem
1562 3355 1769 3431 murumque
1790 3331 2013 3404 honestatem
2037 3328 2248 3406 familiarius
2279 3331 2334 3406 uti
2357 3357 2433 3408 een-

434 3455 586 3524 mem.
637 3448 761 3547 Quare
782 3474 826 3525 se
855 3475 919 3525 ee
932 3452 1043 3525 etiarn
1074 3443 1214 3526 nomine
1236 3450 1280 3524 dn
1300 3436 1586 3590 Commentariis
1620 3431 1817 3594 defendere
1850 3456 1886 3523 et
1915 3431 2172 3612 undecumque
2192 3476 2234 3525 se
2255 3427 2434 3562 meritare

435 3575 581 3648 oamttu
615 3573 681 3642 ost.
730 3569 810 3644 lIuc'
831 3576 968 3670 spectet
1121 3560 1180 3610 '²'
1319 3615 1323 3624 ·

588 3685 695 3763 XIII
717 3686 925 3766 Suetonius
933 3691 1029 3810 Aug.
1049 3711 1100 3764 o.-
1109 3687 1200 3765 74..
1223 3680 1429 3782 „Valerius
1451 3686 1609 3763 Messeis
1635 3683 1765 3775 tradit,
1796 3688 1974 3762 neminem
1989 3667 2174 3789 umquam
2188 3685 2433 3790 Mertinorun

287 3783 308 3804 ¹⁵
437 3804 629 3886 adbilituru
652 3806 700 3883 ab
720 3833 766 3884 eo
790 3833 940 3912 coenae,
954 3805 1121 3908 excepto
1147 3806 1275 3903 Mena,
1301 3806 1380 3881 sed
1388 3806 1560 3884 amento
1548 3833 1585 3882 ιιι
1609 3793 1882 3909 ingenuitatem,
1907 3813 1990 3908 pust
2010 3805 2202 3946 preditam
2211 3806 2303 3884 Sex
2326 3808 2434 3885 Pon·

434 3924 509 4029 poji
531 3928 715 4004 classem.
743 3927 832 4029 Ipse
849 3928 990 4052 scribit,
1015 3919 1187 4048 invitasse
1217 3951 1263 4002 so
1285 3925 1485 4100 quendam,
1521 3927 1561 4001 in
1593 3913 1695 4034 eujus
1726 3928 1806 4038 ville
1825 3932 2009 4086 meamet,
2044 3927 2104 4034 q'ui
2110 3917 2432 4082 'speculator'suur

396 4113 399 4117 .
437 4048 523 4124 olim
533 4047 722 4123 iniisset.“

592 4181 787 4259 Suetonius
817 4184 855 4258 b.
878 4186 905 4259 4.
933 4182 1170 4282 probaturus,
1208 4097 1435 4283 Augustmu'
1441 4149 1514 4256 non
1546 4178 1622 4256 siue
1661 4156 1792 4284 magno
1812 4179 1993 4258 ordinum
2024 4179 2278 4284 hominumque
2308 4146 2433 4262 ‹liledu

437 4299 661 4376 convivatum
685 4327 784 4398 esse,
806 4304 921 4376 utitur
943 4301 1141 4376 testimonio
1169 4307 1222 4378 M.
1250 4307 1386 4378 Valerii
1411 4297 1597 4377 Messalae
1624 4308 1791 4397 Corsici,
1827 4325 1932 4410 quem
1957 4300 2091 4376 Tibulli
2123 4295 2300 4378 fautorem
2307 4357 2333 4400 ,
2356 4303 2432 4379 belli

437 4421 604 4523 pacisque
631 4420 765 4496 artibus
789 4420 1039 4515 clarissimum,
1066 4431 1102 4493 et
1127 4421 1280 4520 amioum
1303 4411 1460 4519 Augusti
1489 4418 1603 4494 fuisse
1632 4419 1815 4495 norimus.
1849 4418 1931 4495 vide
1968 4445 2060 4522 quae
2091 4400 2231 4523 collegit
2257 4423 2432 4499 Krausius

437 4538 483 4613 ad
508 4535 634 4640 Vellej.
658 4540 736 4616 Pat.
761 4539 860 4618 [ιιἹιι.
882 4540 982 4615 Π.ο
962 4565 991 4613 c.
1019 4542 1043 4615 7
1050 4544 1083 4615 4.
1133 4542 1176 4615 In
1191 4537 1366 4641 ambiguo
1388 4544 1463 4638 est,
1487 4563 1559 4638 quo
1582 4537 1623 4611 iu
1647 4536 1740 4612 libro
1763 4535 1802 4612 id
1828 4539 1984 4614 Messala
2004 4537 2209 4615 tradiderit.
2226 4539 2276 4618 G.
2291 4543 2326 4621 J.
2340 4543 2431 4618 Voc-

277 4695 280 4699 >
437 4656 573 4735 sius'd.
599 4659 691 4734 Ilist.
712 4650 804 4772 ¹[ast.¹
822 4659 922 4735 Libr.
942 4659 972 4741 Ι.
998 4685 1031 4735 ο.
1054 4662 1115 4735 48.
1142 4659 1361 4758 suspiratur,
1396 4661 1479 4732 esse
1511 4658 1600 4732 baec
1633 4653 1842 4759 deprompta
1866 4683 1913 4732 ex
1936 4657 2095 4734 libro'de
2116 4657 2275 4735 Famtfis
2300 4661 2431 4738 Roma·

283 4871 290 4880 ¹
436 4778 514 4873 nis,
535 4787 643 4879 'quem
663 4803 773 4853 senex
798 4772 1048 4879 composuerit
1109 4777 1211 4878 Quae
1246 4779 1449 4877 conjectura
1480 4771 1697 4876 probabilior
1725 4777 1813 4851 milri
1843 4774 2002 4873 videtum,
2037 4802 2145 4877 quarn
2168 4782 2299 4880 quum,
2330 4806 2431 4883 prae-

439 4905 546 4971 eunte
570 4897 757 4972 Torrentio
783 4898 828 4972 ad
854 4898 1003 4975 Sueten.
1029 4897 1055 4971 l.
1077 4924 1128 4992 e,
1160 4895 1357 4972 Ileereuius
1384 4893 1420 4971 d.
1448 4892 1550 4971 Font.
1576 4895 1755 4972 Plutarch.
1788 4923 1823 4996 p.
1849 4901 1935 4973 475.
1960 4896 2099 4993 statuit,
2127 4893 2334 4975 Messalam
2347 4901 2431 4977 sori·

438 5016 553 5116 psisse
578 5015 852 5091 Commentarios
876 5016 1072 5092 Historieos
1104 5014 1150 5090 de
1176 5019 1265 5091 bello
1299 5015 1391 5089 inter
1415 5014 1639 5092 Triumviros
1664 5023 1701 5090 et
1731 5015 1892 5092 Caesaris
1915 5041 2142 5116 percussores
2164 5024 2279 5119 gesto.
2331 5020 2431 5097 Mera

438 5134 612 5235 suspicio,
638 5161 730 5235 quae
751 5135 892 5210 aliunde
915 5136 1047 5210 firmari
1065 5135 1200 5238 nequit.
1237 5134 1308 5208 De
1329 5141 1444 5212 Meua
1466 5160 1498 5210 s.
1520 5140 1739 5231 Metrodoro,
1764 5136 1926 5238 Pompeji
1946 5135 2071 5238 Magni
2090 5137 2216 5214 liberto
2242 5146 2281 5215 et
2301 5138 2430 5217 tuom

319 5312 331 5324 ,
398 5337 402 5344 ¹
436 5251 591 5353 ¹partium
613 5251 788 5332 desultore
811 5256 850 5330 iu
872 5254 963 5331 bello
989 5253 1128 5350 Siculo,
1153 5281 1180 5329 a
1200 5277 1259 5328 ruo
1281 5254 1595 5356 satisexpositum
1618 5262 1674 5329 est
1696 5255 1731 5328 in
1750 5256 1867 5331 I’uett.
1890 5254 2009 5332 Latin.
2034 5256 2148 5358 Reliq.
2171 5283 2211 5360 p.
2233 5263 2326 5337 443.
2348 5255 2428 5340 Sex·

438 5372 599 5474 Pompeji
617 5372 695 5448 dux
716 5376 863 5449 classem
875 5376 1038 5478 Augusto
1063 5371 1269 5475 prodiderat
1286 5398 1318 5449 a.
1337 5374 1382 5476 U.
1396 5374 1442 5466 C.
1461 5379 1549 5453 746.
1568 5372 1779 5477 ¹ingenuitas
1795 5382 1916 5450 autem
1939 5375 2040 5477 apud·
2051 5374 2236 5480 Romanos
2250 5379 2429 5474 ‚nitebatur
2465 5415 2470 5432 ·

439 5492 630 5590 natalibus:
654 5487 799 5596 ingenui
820 5495 844 5569 i.
861 5520 894 5588 e.
917 5494 1037 5584 liberis
1064 5493 1270 5595 parentibus
1292 5494 1368 5572 uati
1385 5501 1613 5597 opponuntur
1635 5504 1672 5570 et
1694 5498 1809 5571 servis
1821 5504 1858 5571 et
1872 5496 2057 5592 libertinis,
2082 5497 2143 5598 qui
2159 5499 2242 5575 lieet
2250 5503 2426 5602 jutem-

438 5612 585 5686 uumissi
608 5622 746 5709 esseut,
778 5622 895 5690 tamen
925 5615 1100 5718 ingenuos
1129 5615 1223 5691 eires
1246 5639 1317 5690 uon
1342 5614 1439 5689 omui
1463 5640 1513 5691 ex
1534 5613 1639 5717 parte
1664 5622 1876 5716 aequarunt:
1898 5615 1980 5691 vide
2006 5616 2188 5698 Zirumeru
2209 5620 2344 5702 Ilistor.
2357 5621 2423 5703 Jur.
