5717 6575
439 635 491 711 30
652 658 656 667 ’
1142 622 1170 694 1.
1213 623 1272 694 Dli
1294 622 1510 696 CAESARIS
1530 622 1726 696 AUGUSTI
1805 660 1807 664 ·

439 814 594 913 Consul,
617 819 804 916 postquam
826 836 951 888 meuse
974 808 1166 890 Novembri
1188 812 1307 890 medio
1329 838 1494 891 reversus
1519 820 1596 890 crat
1619 811 1832 911 Brundisio,
1866 822 1904 889 et
1927 810 2134 890 Ciceronem
2157 812 2433 914 Magnetum,

437 963 529 1043 quos
544 939 622 1036 jam
643 924 842 1011 oonsdciata
867 957 979 1034 opera
1002 956 1090 1008 suae
1112 933 1307 1008 auctoritati
1331 934 1476 1035 suisque
1499 934 1656 1010 consiliis
1670 933 1708 1009 vi
1724 938 1762 1007 et
1777 932 1885 1009 aunis
1905 934 2092 1009 restiturus
2117 958 2197 1008 essa
2211 934 2434 1036 intelligeret,

437 1053 658 1137 edictis-illis
680 1051 951 1147 contumeliosis,
977 1076 1066 1153 quae
1088 1050 1128 1125 in
1150 1052 1345 1154 Philippica
1363 1052 1435 1129 ΙΠ.
1459 1056 1530 1131 ab
1545 1077 1625 1155 sqq.
1649 1051 1824 1128 0001010111
1848 1053 2013 1155 legimus,
2037 1052 2205 1154 insignito
2227 1054 2372 1148 rustico,
2392 1058 2435 1127 01

437 1175 582 1271 dicitur,
604 1168 825 1274 impudentia
846 1168 1015 1273 proscidit
1038 1177 1140 1272 atque
1160 1170 1268 1246 simul
1293 1168 1420 1268 edixit,
1445 1178 1489 1245 ut
1509 1169 1568 1244 dio
1593 1175 1657 1248 24.
1674 1170 1891 1247 Novembris
1917 1169 2069 1246 Senatus
2087 1170 2250 1272 hequem
2275 1169 2431 1246 adesset.

435 1296 582 1374 Interea
606 1289 792 1393 Augustus
815 1314 838 1365 a
861 1288 947 1365 Tib.
974 1288 1161 1386 Cannutio,
1185 1288 1346 1365 'Prihuuo
1369 1289 1509 1392 plebis,
1546 1287 1591 1362 ad
1614 1292 1787 1390 populum
1806 1288 1999 1390 productus
2024 1289 2227 1364 concionem
2250 1290 2433 1384 habuerat,

438 1418 528 1517 quae
549 1408 716 1487 Ciceroni
735 1412 775 1482 in
797 1408 918 1483 villam
936 1407 1144 1508 Arpinatem
1168 1407 1276 1483 missa
1300 1407 1401 1483 valdo
1425 1407 1650 1507 displicuerat
1684 1409 1787 1511 eiquo
1811 1406 1857 1482 do
1880 1407 1952 1510 fide
1971 1413 2050 1508 ejus
2076 1408 2172 1483 haud
2196 1410 2310 1483 levem
2330 1432 2434 1483 0010-

437 1534 563 1636 pulum
597 1536 634 1604 et
666 1526 919 1603 dubitationem
952 1512 1142 1626 injecerat.¹
1180 1525 1278 1602 Eum
1308 1532 1429 1601 tamen
1461 1525 1639 1602 exemisse
1666 1527 1702 1601 ci
1731 1526 1873 1602 videtur
1906 1526 2071 1626 Oppius,
2110 1527 2300 1603 Dictatoris
2334 1524 2432 1601 00001

438 1648 751 1742 familiarissimus,
772 1647 831 1748 qui
857 1671 952 1740 cum,
980 1651 1022 1718 ut
1044 1646 1162 1720 Attico
1184 1643 1402 1722 Libaxvl
1427 1643 1497 1746 Ep.
1516 1648 1577 1723 15.
1613 1649 1696 1737 13.
1731 1670 1854 1721 mense
1886 1646 2078 1722 Novembri
2110 1649 2264 1721 exeunte
2297 1644 2432 1739 scribit,

337 1818 338 1822 =
436 1769 646 1862 hortaretur,
671 1773 713 1842 01
736 1764 995 1840 adolescentem
1019 1769 1198 1865 totumquo
1222 1788 1385 1839 caussam
1410 1788 1622 1865 manumque
1644 1756 2242 1865 veteranorumcomplectcretur(
2265 1763 2334 1839 Cui
2348 1788 2431 1838 cum
2459 1774 2465 1783 '

433 1885 690 1991 respondisset,
713 1909 753 1960 sc
775 1885 871 1958 nullo
895 1881 1000 1958 modo
1025 1881 1062 1956 id
1084 1882 1201 1958 facere
1233 1907 1356 1984 posse,
1381 1882 1418 1956 ni
1439 1883 1505 1957 sibi
1529 1885 1753 1985 exploratum
1778 1891 1891 1980 esset,
1923 1909 2004 1971 eum
2027 1883 2053 1958 1.
2077 1878 2110 1960 ὁ.
2135 1886 2432 1985 Augustumncn

435 2006 543 2083 modo
568 2032 641 2081 non
653 1996 841 2078 >inimicum
862 1995 1137 2098 tyrannoctouis,
1166 2001 1412 2077 verumetiam
1431 2001 1691 2097 amicumiore,
1717 2001 1838 2104 Oppio
1854 2003 1904 2076 ita
1922 2003 2086 2077 futurum
2101 2027 2182 2077 esso
2204 2004 2431 2103 promittente

300 2109 304 2123 ⁸
435 2124 594 2229 perrexit
616 2126 781 2224 juvenem
808 2118 977 2219 adjuvare
1000 2127 1121 2194 000100
1144 2118 1341 2196 Antonium
1365 2118 1570 2216 Consulem,
1596 2146 1660 2196 nco
1684 2118 1858 2196 dubitarit
1879 2122 1918 2195 in
1941 2121 2137 2222 Philippica
2153 2122 2229 2210 111,
2255 2144 2345 2222 quac
2369 2118 2429 2195 dio

437 2252 498 2323 10.
515 2239 723 2340 Decembris
747 2240 788 2314 in
813 2238 949 2315 Senatu
973 2237 1095 2313 habita
1118 2246 1183 2335 cst,
1206 2264 1284 2314 eum
1309 2264 1342 2315 o.
1367 2244 1404 2315 2.
1427 2239 1567 2313 eximiis
1589 2263 1717 2317 ornare
1739 2239 1920 2335 laudibus,
1953 2240 2071 2341 quod,
2106 2239 2338 2317 senatoribus
2362 2264 2429 2315 000

432 2361 704 2467 postulantibus,
730 2384 794 2433 nec
819 2356 1054 2461 cogitantibus
1079 2381 1146 2432 nec
1170 2356 1369 2458 optantibus
1394 2356 1550 2460 quidm,
1573 2357 1772 2432 incredibili
1795 2383 1837 2433 ac
1859 2358 1974 2447 divina
1998 2358 2152 2460 quadam
2174 2365 2295 2433 mente
2318 2365 2428 2459 atquc

437 2483 578 2575 virtute,
599 2477 837 2553 firmissimum
862 2477 1058 2551 exercitum
1078 2501 1125 2550 ex
1141 2476 1271 2551 invicto
1291 2503 1423 2578 genera
1439 2482 1687 2552 veteranorum
1702 2477 1855 2551 militnm
1871 2480 2136 2578 comparaverit,
2151 2479 2428 2578 patrimonium·

397 2626 508 2705 sque
532 2624 636 2675 suum
659 2593 826 2672 effuderit
851 2597 908 2670 001
933 2596 1054 2696 potius
1079 2595 1117 2669 in
1141 2594 1350 2697 reipublicae
1375 2598 1488 2671 salute
1515 2584 1755 2671 collocaverit'
1780 2594 1877 2696 Quid
1892 2591 2022 2698 plura?
2053 2596 2224 2672 Kalendis
2244 2597 2426 2675 ianuariis

435 2745 467 2799 a.
479 2720 525 2796 U,
540 2717 680 2794 (1711.
698 2742 729 2791 0.
738 2718 801 2791 43.
826 2740 899 2789 000
923 2714 1064 2798 erubuit
1087 2714 1125 2788 in
1147 2714 1344 2814 Philippica
1352 2714 1399 2790 V.
1422 2719 1499 2792 08.
1525 2714 1694 2809 confiteri,
1717 2713 1972 2790 adolescentem
1992 2714 2103 2810 illum,
2127 2741 2339 2819 quamquam
2357 2738 2427 2789 sua

433 2845 561 2941 sponte
586 2834 785 2935 eximiaque
809 2835 951 2929 virtute,
974 2839 1091 2935 tamen
1116 2831 1369 2933 approbatione
1389 2833 1604 2908 auctoritatis
1629 2858 1715 2908 suae
1737 2833 1892 2908 colonias
1919 2834 2050 2934 patrias
2072 2833 2215 2931 adiisse,
2237 2843 2425 2910 veteranos

434 2959 563 3034 milites
586 2977 811 3047 convocasse,
835 2953 960 3052 paucis
984 2951 1107 3027 diebus
1129 2954 1321 3026 exercitum
1341 2952 1668 3041 fecissc,·iucitatos
1681 2953 1827 3026 Antonii
1852 2954 1999 3027 latronis
2010 2954 2162 3054 impetus
2180 2953 2427 3030 retardavisse.

586 3075 684 3150 Haec
704 3072 819 3146 fusius
842 3071 1106 3170 accuratiusque
1130 3070 1353 3171 pertractavi,
1376 3071 1507 3171 partim
1530 3078 1581 3168 ut,
1609 3096 1699 3174 quac
1722 3096 1832 3172 supra
1857 3071 1902 3147 de
1926 3078 2089 3172 tempore
2114 3073 2212 3170 dixi,
2250 3075 2426 3174 00010-

432 3201 579 3300 gustum
599 3217 682 3268 curn
705 3190 874 3265 Cicerone
896 3193 1119 3290 conjunctum
1141 3190 1255 3264 fuisse
1277 3188 1442 3285 arbitror,
1465 3191 1581 3294 magis
1606 3192 1814 3266 illustrarem
1835 3216 1877 3266 ao
1901 3190 2166 3290 confirmarem,
2204 3194 2336 3294 partim
2369 3201 2425 3285 ut,

433 3340 505 3418 quo
532 3296 674 3388 consilio
700 3311 760 3385 illc
783 3311 925 3411 juvenis
950 3307 995 3383 ad
1019 3310 1120 3383 illum
1146 3308 1377 3386 Consularem
1408 3309 1748 3408 101000110100100,
1781 3312 1911 3386 clarius
1937 3311 2202 3411 perspiceretur.
2253 3311 2346 3389 Nam
2364 3314 2426 3387 001

432 3441 557 3511 nostru
579 3431 750 3506 memoria
772 3454 844 3504 nou
861 3427 1020 3523 deluere,
1046 3427 1107 3530 qui
1121 3428 1301 3503 Plutarchi
1313 3430 1431 3503 locum
1444 3429 1555 3503 istum
1576 3431 1743 3504 aliorsum
1763 3431 1960 3530 acciperent
1976 3437 2014 3504 01
2030 3429 2113 3505 1010
2129 3431 2424 3507 00000οἱ10110.

432 3578 555 3630 senem
577 3552 667 3626 inter
691 3557 726 3623 et
744 3551 915 3650 juvenem
935 3549 1034 3622 illum
1060 3548 1404 3622 comminiscerentur
1427 3555 1583 3623 amente
1599 3549 1779 3650 scriptoris
1795 3574 1837 3624 ac
1854 3548 2077 3649 temporibus
2093 3576 2240 3650 prorsus
2261 3529 2424 3628 011001οι.

432 3672 516 3769 Sic,
538 3678 578 3745 ut
602 3669 668 3743 hoo
688 3675 787 3764 utar,
813 3665 938 3742 docurs
958 3666 1018 3741 ille
1041 3665 1210 3760 Batavus,
1233 3666 1314 3745 Jan.
1338 3665 1479 3745 Theod.
1504 3668 1752 3769 Bergmannus
1775 3667 1814 3742 in
1836 3668 2033 3745 Comment.
2057 3667 2104 3743 de
2130 3669 2257 3745 Litter.
2281 3668 2424 3748 Condit.

432 3795 504 3894 ap.'
519 3791 698 3866 Romanos
724 3785 861 3896 (Lugd.
883 3787 962 3861 Bat.
982 3790 1093 3862 1818.
1113 3786 1170 3883 4.)
1198 3785 1332 3886 Epoch.
1342 3785 1408 3861 111.
1433 3796 1465 3879 §.
1477 3791 1514 3862 2.
1539 3813 1577 3887 p.
1587 3792 1650 3865 38.
1676 3787 1840 3887 scripsitr
1865 3788 1960 3884 „Hic
1978 3786 2184 3864 adolescens
2201 3790 2422 3892 (Augustus)

430 3912 499 4015 ipsi
526 3908 689 3987 Ciceroni
713 3905 878 3999 unditus,
900 3913 941 3978 ut
965 3903 1010 3978 ab
1037 3928 1080 3978 eo
1103 3906 1336 4007 eloquentiam
1370 3914 1406 3979 et
1437 3906 1654 4006 reipublicae
1687 3905 1986 3982 administrandae
2018 3908 2199 3984 scientiam
2234 3910 2424 4011 acciperet,

432 4038 475 4107 01
498 4028 607 4105 refert
630 4025 836 4100 Plutarchus
860 4024 898 4098 in
923 4022 1093 4098 Cicerone
1110 4027 1254 4124 10883.
1277 4025 1335 4120 B,
1359 4023 1540 4099 10100100
1563 4024 1667 4109 dubio
1693 4050 1864 4127 magnam,
1885 4035 2024 4128 partem
2048 4026 2170 4101 debuit
2192 4052 2293 4124 eam,
2316 4052 2423 4129 quum

432 4148 565 4243 huludt,
587 4148 785 4220 litterarum
807 4142 1058 4244 cognitionem!
1072 4144 1097 4187 “
1117 4141 1302 4217 Praeteriit
1324 4143 1590 4245 Bergrnannum
1614 4143 1704 4219 alius
1726 4145 1886 4243 scriptor,
1911 4149 2010 4246 cujus
2028 4147 2227 4221 testimonio
2249 4171 2350 4221 suam
2374 4144 2423 4223 10

434 4268 617 4360 Cicerone,
644 4262 798 4364 Augusti
823 4262 1005 4364 magistro,
1030 4262 1234 4351 seutentiam
1259 4261 1389 4337 rectius
1411 4263 1584 4363 potuisset
1607 4263 1773 4339 stabilire.
1811 4264 1900 4340 Dico
1925 4263 1981 4342 Jo.
2006 4265 2238 4340 Laurentium
2260 4263 2422 4364 Lydum,

433 4391 472 4463 in
493 4389 593 4485 cujus
619 4382 808 4482 Excerptis
828 4379 872 4456 de
894 4379 1079 4455 1110001100
1097 4379 1164 4455 ΠΙ.
1188 4385 1295 4456 012.
1320 4380 1366 4457 Ν.
1391 4385 1453 4459 39.
1483 4382 1652 4482 scriptum
1673 4383 1887 4482 reperimus:
1911 4382 2134 4484 Αὔγουστος
2153 4425 2204 4440 -
2221 4384 2301 4459 εἶτα
2325 4386 2424 4484 ἐρω-

432 4500 563 4599 τηθεὶς
586 4497 682 4599 πρὸς
704 4497 930 4597 Κικέρωνος,
956 4496 1041 4596 παρ’
1071 4488 1103 4596 ᾧ
1127 4494 1224 4602 μετὰ
1250 4496 1417 4593 σπουδῆς
1443 4496 1659 4575 ἐπαιδεύετο
1680 4504 1715 4576 κ’.
1739 4528 1773 4576 τ.
1795 4507 1827 4576 i.
1878 4501 1929 4575 At
1957 4526 2047 4602 quae
2076 4511 2149 4579 toto
2183 4504 2248 4579 hoo
2279 4504 2317 4578 in
2341 4505 2422 4582 loco

431 4620 646 4700 Laurentius
673 4616 800 4715 Lydus
822 4618 1011 4692 memoriae
1034 4614 1247 4718 prodiderit,
1280 4640 1322 4690 ea
1358 4618 1403 4691 ab
1433 4621 1525 4691 omni
1558 4617 1628 4694 fide
1659 4619 1823 4695 historica
1845 4620 2059 4694 alienissima
2090 4635 2171 4696 0000
2190 4631 2226 4697 01
2249 4648 2422 4723 perquam

435 4739 604 4833 absurda,
630 4737 698 4812 alio
722 4737 827 4837 huJ‘us
850 4735 1051 4835 scriptionis
1066 4739 1150 4815 loco
1177 4735 1515 4831 demonstrabimus3
1547 4733 1643 4840 quod
1667 4745 1787 4814 autem
1809 4739 1990 4814 Plutarchi
2015 4742 2134 4816 locum
2157 4742 2290 4838 attinet,
2314 4766 2422 4820 nemo

432 4861 490 4939 001
514 4859 636 4935 leviter
649 4856 814 4931 ¹animum
835 4853 1021 4930 advertens
1048 4855 1332 4958 singulorumque
1357 4855 1547 4966 verborum
1571 4859 1647 4931 vim
1669 4865 1705 4933 et
1729 4858 1900 4934 rationem
1917 4859 2123 4960 expendens
2142 4886 2216 4935 non
2235 4860 2422 4963 intelliget,

434 5088 513 5147 esset,
532 5059 710 5146 auctoritatis,
726 5077 752 5129 ei
769 5092 818 5129 suo
835 5092 964 5132 consensu
982 5082 1010 5133 et
1025 5075 1125 5130 auxilio
1141 5073 1278 5145 impertire
1295 5076 1404 5140 volebat
1443 5074 1555 5131 iaceret.
1598 5077 1741 5132 Cretemm
1760 5078 1909 5149 Philippus
1922 5084 2022 5149 quauta
2041 5093 2101 5133 cum
2121 5095 2186 5134 curs
2208 5080 2362 5150 complexus
2382 5080 2423 5137 sit

314 5201 317 5208 .
433 5168 539 5222 Cicero.
563 5164 616 5220 Qui
633 5180 692 5215 cum
704 5149 755 5214 illo
771 5166 906 5228 10000010Ι
921 5177 984 5213 suae
1001 5160 1123 5214 factionis
1133 5166 1299 5233 serperastro
1312 5166 1407 5224 contra
1446 5177 1491 5215 res
1508 5160 1624 5231 privigni
1640 5163 1682 5216 sui
1699 5163 1776 5233 eiquo
1792 5179 1898 5235 semper
1913 5163 2110 5233 praestoiuerit
2121 5181 2170 5218 sua
2182 5180 2266 5234 opera
2276 5171 2303 5218 et
2314 5165 2422 5237 labore,

366 5289 370 5306 .
435 5252 581 5305 Consulem
597 5249 635 5302 uti
651 5248 723 5300 velle
738 5245 889 5322 rideretur,
905 5243 1049 5299 incurrisse
1064 5245 1170 5298 videtur
1185 5245 1215 5298 iu
1231 5244 1405 5309 0110010000
1447 5245 1527 5299 docet
1541 5247 1586 5301 001
1603 5246 1745 5301 Tullianae
1761 5247 1960 5315 0110000100
1976 5247 2105 5317 epistolae
2126 5250 2317 5318 fragmentum,
2343 5252 2421 5317 quod

434 5334 552 5403 Philippi
569 5340 596 5386 et
611 5330 749 5399 Marcelli,
766 5329 819 5398 qui,
836 5330 961 5383 cumulis
978 5329 1160 5382 auctoritatem
1177 5336 1339 5396 reverentes,
1355 5344 1405 5382 ne·
1445 5331 1564 5385 servarit
1581 5332 1686 5386 Nonius
1707 5333 1851 5386 Marcellus
1873 5348 1896 5387 0.
1918 5347 1944 5387 0.
1966 5334 2100 5401 tyuoccerc
2115 5352 2143 5403 p.
2154 5336 2214 5389 211.
2237 5335 2278 5388 ba
2316 5334 2420 5402 „unco

435 5435 567 5490 quaquam
582 5420 730 5483 Arrgustum
747 5413 969 5482 ejus'patrocinlo
986 5415 1232 5483 commendassent,
1254 5419 1284 5466 01
1299 5413 1404 5483 privato
1445 5415 2163 5487 0111101Ρο110000101000010110000100.
2199 5419 2422 5491 1100010010-

435 5519 485 5562 000
501 5502 530 5556 iu
545 5501 688 5556 Antonium
704 5499 777 5568 odio,
804 5499 875 5568 quod
894 5498 995 5554 frustra
1016 5497 1156 5552 dictitabat
1175 5499 1210 5552 ab
1233 5498 1323 5553 officio
1341 5498 1406 5553 honi
1445 5500 1531 5558 teritis
1546 5501 1672 5572 ignoscis,
1688 5505 1716 5557 et
1731 5499 1857 5557 concedis
1872 5498 1987 5557 subira“

315 5631 319 5638 a
435 5602 502 5660 orsa
516 5583 706 5655 rempublicam
728 5583 795 5641 01010
817 5581 966 5657 proiectum
988 5597 1062 5652 esse,
1089 5581 1305 5656 quamprimum
1325 5583 1405 5645 11111·
