<?xml version="1.0" encoding="UTF-8"?>
<!DOCTYPE html PUBLIC "-//W3C//DTD XHTML 1.0 Transitional//EN"
    "http://www.w3.org/TR/xhtml1/DTD/xhtml1-transitional.dtd">
<html xmlns="http://www.w3.org/1999/xhtml" xml:lang="en" lang="en">
 <head>
  <title>
</title>
<meta http-equiv="Content-Type" content="text/html;charset=utf-8" />
  <meta name='ocr-system' content='tesseract 3.04.00' />
  <meta name='ocr-capabilities' content='ocr_page ocr_carea ocr_par ocr_line ocrx_word'/>
</head>
<body>
  <div class='ocr_page' id='page_1' title='image "./imperatoriscaes00weicgoog_0092.png"; bbox 0 0 5717 6575; ppageno 0'>
   <div class='ocr_carea' id='block_1_1' title="bbox 435 394 1672 537">
    <p class='ocr_par' dir='ltr' id='par_1_1' title="bbox 435 394 1672 537">
     <span class='ocr_line' id='line_1_1' title="bbox 435 394 1672 537; baseline -0.002 -12"><span class='ocrx_word' id='word_1_1' title='bbox 435 461 486 537; x_wconf 71' lang='lat'><strong>34</strong></span> <span class='ocrx_word' id='word_1_2' title='bbox 755 394 762 419; x_wconf 59' lang='lat'>⁸</span> <span class='ocrx_word' id='word_1_3' title='bbox 1199 449 1433 525; x_wconf 83' lang='lat' dir='ltr'><strong>uxeoasus</strong></span> <span class='ocrx_word' id='word_1_4' title='bbox 1460 450 1672 524; x_wconf 79' lang='lat' dir='ltr'><strong>uniamus·</strong></span> 
     </span>
    </p>
   </div>
   <div class='ocr_carea' id='block_1_2' title="bbox 384 638 2439 1421">
    <p class='ocr_par' dir='ltr' id='par_1_2' title="bbox 384 638 2439 903">
     <span class='ocr_line' id='line_1_2' title="bbox 437 638 2439 733; baseline 0.004 -24"><span class='ocrx_word' id='word_1_5' title='bbox 437 640 652 733; x_wconf 76' lang='lat' dir='ltr'><strong>frugalitatem,</strong></span> <span class='ocrx_word' id='word_1_6' title='bbox 671 639 890 727; x_wconf 77' lang='lat' dir='ltr'><strong>umemndiam,</strong></span> <span class='ocrx_word' id='word_1_7' title='bbox 909 640 1119 725; x_wconf 61' lang='lat' dir='ltr'><strong>medenenti)</strong></span> <span class='ocrx_word' id='word_1_8' title='bbox 1139 642 1245 731; x_wconf 75' lang='lat' dir='ltr'><strong>quibem</strong></span> <span class='ocrx_word' id='word_1_9' title='bbox 1265 641 1422 711; x_wconf 78' lang='lat' dir='ltr'><strong>vhtuthus</strong></span> <span class='ocrx_word' id='word_1_10' title='bbox 1443 643 1580 709; x_wconf 91' lang='lat' dir='ltr'><strong>omnibus</strong></span> <span class='ocrx_word' id='word_1_11' title='bbox 1596 640 1820 733; x_wconf 83' lang='lat' dir='ltr'><strong>MAgrippan</strong></span> <span class='ocrx_word' id='word_1_12' title='bbox 1917 648 2009 711; x_wconf 79' lang='lat' dir='ltr'><strong>miani</strong></span> <span class='ocrx_word' id='word_1_13' title='bbox 2030 641 2122 711; x_wconf 79' lang='lat' dir='ltr'><strong>uitem</strong></span> <span class='ocrx_word' id='word_1_14' title='bbox 2133 638 2328 721; x_wconf 75' lang='lat' dir='ltr'><strong>¹excelluisse·</strong></span> <span class='ocrx_word' id='word_1_15' title='bbox 2343 666 2439 717; x_wconf 76' lang='lat' dir='ltr'><strong>rene</strong></span> 
     </span>
     <span class='ocr_line' id='line_1_3' title="bbox 437 725 2435 816; baseline 0.003 -22"><span class='ocrx_word' id='word_1_16' title='bbox 437 729 568 816; x_wconf 76' lang='lat' dir='ltr'><strong>ignorat.</strong></span> <span class='ocrx_word' id='word_1_17' title='bbox 610 726 706 793; x_wconf 83' lang='lat' dir='ltr'><strong>Pater</strong></span> <span class='ocrx_word' id='word_1_18' title='bbox 725 726 803 793; x_wconf 86' lang='lat' dir='ltr'><strong>band</strong></span> <span class='ocrx_word' id='word_1_19' title='bbox 824 726 927 811; x_wconf 87' lang='lat' dir='ltr'><strong>dubie,</strong></span> <span class='ocrx_word' id='word_1_20' title='bbox 948 726 1154 793; x_wconf 81' lang='lat' dir='ltr'><strong>animaduersa</strong></span> <span class='ocrx_word' id='word_1_21' title='bbox 1174 736 1299 794; x_wconf 86' lang='lat' dir='ltr'><strong>naturae</strong></span> <span class='ocrx_word' id='word_1_22' title='bbox 1320 727 1467 802; x_wconf 87' lang='lat' dir='ltr'><strong>bonitate,</strong></span> <span class='ocrx_word' id='word_1_23' title='bbox 1493 725 1629 793; x_wconf 86' lang='lat' dir='ltr'><strong>Marcum</strong></span> <span class='ocrx_word' id='word_1_24' title='bbox 1650 748 1734 793; x_wconf 87' lang='lat' dir='ltr'><strong>suum</strong></span> <span class='ocrx_word' id='word_1_25' title='bbox 1756 725 1903 795; x_wconf 82' lang='lat' dir='ltr'><strong>adultiora</strong></span> <span class='ocrx_word' id='word_1_26' title='bbox 1923 735 2021 794; x_wconf 88' lang='lat' dir='ltr'><strong>aetate</strong></span> <span class='ocrx_word' id='word_1_27' title='bbox 2042 727 2171 795; x_wconf 85' lang='lat' dir='ltr'><strong>Romam</strong></span> <span class='ocrx_word' id='word_1_28' title='bbox 2193 727 2435 799; x_wconf 78' lang='lat' dir='ltr'><strong>deduxerat&#39;ibi·</strong></span> 
     </span>
     <span class='ocr_line' id='line_1_4' title="bbox 384 810 2434 903; baseline 0.001 -24"><span class='ocrx_word' id='word_1_29' title='bbox 384 888 387 899; x_wconf 22' lang='grc' dir='ltr'><strong><em>γ</em></strong></span> <span class='ocrx_word' id='word_1_30' title='bbox 458 833 496 881; x_wconf 87' lang='lat' dir='ltr'><strong>ue</strong></span> <span class='ocrx_word' id='word_1_31' title='bbox 515 834 582 879; x_wconf 92' lang='lat' dir='ltr'><strong>eum</strong></span> <span class='ocrx_word' id='word_1_32' title='bbox 602 811 721 877; x_wconf 89' lang='lat' dir='ltr'><strong>liberali</strong></span> <span class='ocrx_word' id='word_1_33' title='bbox 742 812 916 879; x_wconf 77' lang='lat' dir='ltr'>educatione</span> <span class='ocrx_word' id='word_1_34' title='bbox 937 810 1131 900; x_wconf 77' lang='lat' dir='ltr'>doctrinaque</span> <span class='ocrx_word' id='word_1_35' title='bbox 1152 811 1364 878; x_wconf 89' lang='lat' dir='ltr'><strong>instituendum</strong></span> <span class='ocrx_word' id='word_1_36' title='bbox 1393 819 1556 879; x_wconf 78' lang='lat' dir='ltr'><strong>curaverat.</strong></span> <span class='ocrx_word' id='word_1_37' title='bbox 1599 812 1726 878; x_wconf 78' lang='lat' dir='ltr'>Etiamsi</span> <span class='ocrx_word' id='word_1_38' title='bbox 1752 834 1812 879; x_wconf 93' lang='lat' dir='ltr'><strong>non</strong></span> <span class='ocrx_word' id='word_1_39' title='bbox 1833 813 2034 901; x_wconf 81' lang='lat' dir='ltr'><strong>suspicemur,</strong></span> <span class='ocrx_word' id='word_1_40' title='bbox 2066 814 2215 880; x_wconf 86' lang='lat' dir='ltr'><strong>mansisse</strong></span> <span class='ocrx_word' id='word_1_41' title='bbox 2235 814 2379 903; x_wconf 84' lang='lat' dir='ltr'><strong>quaedam</strong></span> <span class='ocrx_word' id='word_1_42' title='bbox 2400 818 2434 887; x_wconf 79' lang='lat' dir='ltr'><strong>ir</strong></span> 
     </span>
    </p>

    <p class='ocr_par' dir='ltr' id='par_1_3' title="bbox 437 834 2435 1421">
     <span class='ocr_line' id='line_1_5' title="bbox 437 834 2435 990; baseline 0.002 -24"><span class='ocrx_word' id='word_1_43' title='bbox 437 834 485 966; x_wconf 75' lang='lat' dir='ltr'><strong>dl.</strong></span> <span class='ocrx_word' id='word_1_44' title='bbox 505 895 661 986; x_wconf 85' lang='lat' dir='ltr'><strong>Agrippae</strong></span> <span class='ocrx_word' id='word_1_45' title='bbox 682 899 745 962; x_wconf 87' lang='lat' dir='ltr'><strong>vita</strong></span> <span class='ocrx_word' id='word_1_46' title='bbox 765 899 953 984; x_wconf 88' lang='lat' dir='ltr'><strong>moribusque</strong></span> <span class='ocrx_word' id='word_1_47' title='bbox 975 899 1051 963; x_wconf 80' lang='lat' dir='ltr'><strong>vesti</strong></span> <span class='ocrx_word' id='word_1_48' title='bbox 1075 898 1105 961; x_wconf 81' lang='lat' dir='ltr'><strong>‘a</strong></span> <span class='ocrx_word' id='word_1_49' title='bbox 1130 898 1224 979; x_wconf 88' lang='lat' dir='ltr'><strong>ruris,</strong></span> <span class='ocrx_word' id='word_1_50' title='bbox 1254 907 1352 963; x_wconf 86' lang='lat' dir='ltr'><strong>taimen</strong></span> <span class='ocrx_word' id='word_1_51' title='bbox 1374 906 1508 984; x_wconf 88' lang='lat' dir='ltr'><strong>apertum</strong></span> <span class='ocrx_word' id='word_1_52' title='bbox 1529 906 1591 980; x_wconf 85' lang='lat' dir='ltr'><strong>ost,</strong></span> <span class='ocrx_word' id='word_1_53' title='bbox 1618 898 1762 963; x_wconf 86' lang='lat' dir='ltr'><strong>natalium</strong></span> <span class='ocrx_word' id='word_1_54' title='bbox 1783 899 1900 963; x_wconf 85' lang='lat' dir='ltr'><strong>ratione</strong></span> <span class='ocrx_word' id='word_1_55' title='bbox 1921 897 2023 963; x_wconf 88' lang='lat' dir='ltr'><strong>habita</strong></span> <span class='ocrx_word' id='word_1_56' title='bbox 2044 917 2110 963; x_wconf 90' lang='lat' dir='ltr'><strong>eum</strong></span> <span class='ocrx_word' id='word_1_57' title='bbox 2132 898 2292 966; x_wconf 74' lang='lat' dir='ltr'><strong>rusticitati</strong></span> <span class='ocrx_word' id='word_1_58' title='bbox 2312 921 2368 990; x_wconf 90' lang='lat' dir='ltr'><strong>pro</strong></span> <span class='ocrx_word' id='word_1_59' title='bbox 2389 900 2435 969; x_wconf 86' lang='lat' dir='ltr'><strong>iu·</strong></span> 
     </span>
     <span class='ocr_line' id='line_1_6' title="bbox 437 921 2433 1071; baseline 0.002 -23"><span class='ocrx_word' id='word_1_60' title='bbox 437 1000 610 1071; x_wconf 84' lang='lat' dir='ltr'><strong>remquam</strong></span> <span class='ocrx_word' id='word_1_61' title='bbox 631 980 746 1048; x_wconf 89' lang='lat' dir='ltr'><strong>deliciis</strong></span> <span class='ocrx_word' id='word_1_62' title='bbox 768 1004 787 1047; x_wconf 90' lang='lat' dir='ltr'><strong>a</strong></span> <span class='ocrx_word' id='word_1_63' title='bbox 807 982 909 1048; x_wconf 80' lang='lat' dir='ltr'><strong>Plinio</strong></span> <span class='ocrx_word' id='word_1_64' title='bbox 931 981 1004 1064; x_wconf 93' lang='lat' dir='ltr'><strong>dici,</strong></span> <span class='ocrx_word' id='word_1_65' title='bbox 1033 983 1045 1046; x_wconf 94' lang='lat' dir='ltr'><strong>i</strong></span> <span class='ocrx_word' id='word_1_66' title='bbox 1066 1004 1159 1068; x_wconf 86' lang='lat' dir='ltr'><strong>eoque</strong></span> <span class='ocrx_word' id='word_1_67' title='bbox 1180 1004 1217 1047; x_wconf 92' lang='lat' dir='ltr'><strong>eo</strong></span> <span class='ocrx_word' id='word_1_68' title='bbox 1239 983 1335 1068; x_wconf 83' lang='lat' dir='ltr'><strong>magis</strong></span> <span class='ocrx_word' id='word_1_69' title='bbox 1356 980 1520 1045; x_wconf 87' lang='lat' dir='ltr'><strong>mirandam</strong></span> <span class='ocrx_word' id='word_1_70' title='bbox 1541 1002 1610 1045; x_wconf 90' lang='lat' dir='ltr'><strong>esse</strong></span> <span class='ocrx_word' id='word_1_71' title='bbox 1632 983 1696 1068; x_wconf 85' lang='lat' dir='ltr'><strong>ejus</strong></span> <span class='ocrx_word' id='word_1_72' title='bbox 1726 982 1902 1064; x_wconf 89' lang='lat' dir='ltr'><strong>orationem,</strong></span> <span class='ocrx_word' id='word_1_73' title='bbox 1953 990 2102 1064; x_wconf 89' lang='lat' dir='ltr'><strong>uam,.ut</strong></span> <span class='ocrx_word' id='word_1_74' title='bbox 2122 981 2240 1049; x_wconf 80' lang='lat' dir='ltr'><strong>Plinius</strong></span> <span class='ocrx_word' id='word_1_75' title='bbox 2262 984 2304 1049; x_wconf 91' lang='lat' dir='ltr'><strong>ibi</strong></span> <span class='ocrx_word' id='word_1_76' title='bbox 2325 921 2433 1069; x_wconf 66' lang='lat' dir='ltr'><strong>relect,</strong></span> 
     </span>
     <span class='ocr_line' id='line_1_7' title="bbox 439 1004 2434 1155; baseline 0.001 -22"><span class='ocrx_word' id='word_1_77' title='bbox 439 1066 577 1133; x_wconf 85' lang='lat' dir='ltr'><strong>babuerit</strong></span> <span class='ocrx_word' id='word_1_78' title='bbox 596 1088 643 1131; x_wconf 89' lang='lat' dir='ltr'><strong>uia</strong></span> <span class='ocrx_word' id='word_1_79' title='bbox 668 1066 783 1133; x_wconf 86' lang='lat' dir='ltr'><strong>nificain</strong></span> <span class='ocrx_word' id='word_1_80' title='bbox 804 1076 836 1131; x_wconf 88' lang='lat' dir='ltr'><strong>et</strong></span> <span class='ocrx_word' id='word_1_81' title='bbox 856 1067 984 1132; x_wconf 83' lang='lat' dir='ltr'><strong>maximo</strong></span> <span class='ocrx_word' id='word_1_82' title='bbox 1005 1067 1110 1131; x_wconf 83' lang='lat' dir='ltr'><strong>ciuium</strong></span> <span class='ocrx_word' id='word_1_83' title='bbox 1132 1065 1252 1153; x_wconf 87' lang='lat' dir='ltr'><strong>dignam</strong></span> <span class='ocrx_word' id='word_1_84' title='bbox 1274 1066 1311 1130; x_wconf 94' lang='lat' dir='ltr'><strong>de</strong></span> <span class='ocrx_word' id='word_1_85' title='bbox 1332 1064 1441 1131; x_wconf 86' lang='lat' dir='ltr'><strong>tabulis</strong></span> <span class='ocrx_word' id='word_1_86' title='bbox 1463 1066 1599 1131; x_wconf 88' lang='lat' dir='ltr'><strong>omnihus</strong></span> <span class='ocrx_word' id='word_1_87' title='bbox 1620 1067 1776 1153; x_wconf 80' lang='lat' dir='ltr'><strong>signisque</strong></span> <span class='ocrx_word' id='word_1_88' title='bbox 1798 1004 1993 1155; x_wconf 75' lang='lat' dir='ltr'><strong>publicandis,</strong></span> <span class='ocrx_word' id='word_1_89' title='bbox 2015 1064 2092 1154; x_wconf 75' lang='lat' dir='ltr'><strong>quod</strong></span> <span class='ocrx_word' id='word_1_90' title='bbox 2112 1067 2180 1131; x_wconf 87' lang='lat' dir='ltr'><strong>lieri</strong></span> <span class='ocrx_word' id='word_1_91' title='bbox 2201 1066 2295 1135; x_wconf 90' lang='lat' dir='ltr'><strong>sotius</strong></span> <span class='ocrx_word' id='word_1_92' title='bbox 2312 1069 2434 1152; x_wconf 85' lang='lat' dir='ltr'><strong>luisset,</strong></span> 
     </span>
     <span class='ocr_line' id='line_1_8' title="bbox 439 1088 2434 1240; baseline 0.001 -23"><span class='ocrx_word' id='word_1_93' title='bbox 439 1152 581 1239; x_wconf 79' lang='lat' dir='ltr'><strong>quanin</strong></span> <span class='ocrx_word' id='word_1_94' title='bbox 604 1088 740 1217; x_wconf 79' lang='lat' dir='ltr'><strong>uillarum</strong></span> <span class='ocrx_word' id='word_1_95' title='bbox 767 1151 861 1227; x_wconf 80' lang='lat' dir='ltr'><strong>exilia</strong></span> <span class='ocrx_word' id='word_1_96' title='bbox 887 1151 969 1240; x_wconf 88' lang='lat' dir='ltr'><strong>pelli.</strong></span> <span class='ocrx_word' id='word_1_97' title='bbox 1014 1151 1118 1217; x_wconf 79' lang='lat' dir='ltr'><strong>Oratio</strong></span> <span class='ocrx_word' id='word_1_98' title='bbox 1151 1161 1210 1216; x_wconf 89' lang='lat' dir='ltr'><strong>tam</strong></span> <span class='ocrx_word' id='word_1_99' title='bbox 1239 1149 1358 1215; x_wconf 80' lang='lat' dir='ltr'><strong>delicati</strong></span> <span class='ocrx_word' id='word_1_100' title='bbox 1384 1151 1553 1237; x_wconf 87' lang='lat' dir='ltr'><strong>argumenti</strong></span> <span class='ocrx_word' id='word_1_101' title='bbox 1579 1171 1639 1215; x_wconf 92' lang='lat' dir='ltr'><strong>non</strong></span> <span class='ocrx_word' id='word_1_102' title='bbox 1688 1160 1785 1216; x_wconf 90' lang='lat' dir='ltr'><strong>oterat</strong></span> <span class='ocrx_word' id='word_1_103' title='bbox 1813 1173 1873 1217; x_wconf 92' lang='lat' dir='ltr'><strong>non</strong></span> <span class='ocrx_word' id='word_1_104' title='bbox 1895 1152 1987 1216; x_wconf 78' lang='lat' dir='ltr'><strong>cuiuis</strong></span> <span class='ocrx_word' id='word_1_105' title='bbox 2008 1152 2084 1215; x_wconf 90' lang='lat' dir='ltr'><strong>mira</strong></span> <span class='ocrx_word' id='word_1_106' title='bbox 2105 1149 2200 1216; x_wconf 88' lang='lat' dir='ltr'><strong>videri</strong></span> <span class='ocrx_word' id='word_1_107' title='bbox 2221 1173 2256 1219; x_wconf 88' lang='lat' dir='ltr'><strong>uc</strong></span> <span class='ocrx_word' id='word_1_108' title='bbox 2276 1155 2434 1238; x_wconf 81' lang='lat' dir='ltr'><strong>notabihs,</strong></span> 
     </span>
     <span class='ocr_line' id='line_1_9' title="bbox 438 1233 2433 1325; baseline 0.002 -23"><span class='ocrx_word' id='word_1_109' title='bbox 438 1242 544 1325; x_wconf 77' lang='lat' dir='ltr'><strong>utpsde</strong></span> <span class='ocrx_word' id='word_1_110' title='bbox 569 1235 671 1301; x_wconf 86' lang='lat' dir='ltr'><strong>habita</strong></span> <span class='ocrx_word' id='word_1_111' title='bbox 698 1236 735 1301; x_wconf 87' lang='lat' dir='ltr'><strong>ab</strong></span> <span class='ocrx_word' id='word_1_112' title='bbox 765 1258 816 1319; x_wconf 91' lang='lat' dir='ltr'><strong>eo,</strong></span> <span class='ocrx_word' id='word_1_113' title='bbox 845 1258 930 1324; x_wconf 82' lang='lat' dir='ltr'><strong>quem</strong></span> <span class='ocrx_word' id='word_1_114' title='bbox 956 1244 1108 1303; x_wconf 74' lang='lat' dir='ltr'><strong>constaret</strong></span> <span class='ocrx_word' id='word_1_115' title='bbox 1133 1235 1196 1300; x_wconf 90' lang='lat' dir='ltr'><strong>ruri</strong></span> <span class='ocrx_word' id='word_1_116' title='bbox 1217 1244 1317 1299; x_wconf 90' lang='lat' dir='ltr'><strong>natum</strong></span> <span class='ocrx_word' id='word_1_117' title='bbox 1346 1255 1415 1299; x_wconf 85' lang='lat' dir='ltr'><strong>esse</strong></span> <span class='ocrx_word' id='word_1_118' title='bbox 1444 1234 1542 1321; x_wconf 84' lang='lat' dir='ltr'><strong>ibique</strong></span> <span class='ocrx_word' id='word_1_119' title='bbox 1568 1234 1716 1321; x_wconf 90' lang='lat' dir='ltr'><strong>pueritiae</strong></span> <span class='ocrx_word' id='word_1_120' title='bbox 1742 1256 1838 1300; x_wconf 89' lang='lat' dir='ltr'><strong>annos</strong></span> <span class='ocrx_word' id='word_1_121' title='bbox 1871 1235 2067 1322; x_wconf 84' lang='lat' dir='ltr'><strong>transegisse.</strong></span> <span class='ocrx_word' id='word_1_122' title='bbox 2111 1233 2199 1301; x_wconf 87' lang='lat' dir='ltr'><strong>Hanc</strong></span> <span class='ocrx_word' id='word_1_123' title='bbox 2229 1238 2433 1325; x_wconf 85' lang='lat' dir='ltr'><strong>conjecturam</strong></span> 
     </span>
     <span class='ocr_line' id='line_1_10' title="bbox 440 1318 2434 1421; baseline 0.003 -35"><span class='ocrx_word' id='word_1_124' title='bbox 440 1320 537 1387; x_wconf 86' lang='lat' dir='ltr'><strong>secuti</strong></span> <span class='ocrx_word' id='word_1_125' title='bbox 556 1320 767 1421; x_wconf 70' lang='lat' dir='ltr'><strong>intelligimus,</strong></span> <span class='ocrx_word' id='word_1_126' title='bbox 796 1342 854 1407; x_wconf 87' lang='lat' dir='ltr'><strong>qua</strong></span> <span class='ocrx_word' id='word_1_127' title='bbox 881 1321 998 1386; x_wconf 86' lang='lat' dir='ltr'><strong>ratione</strong></span> <span class='ocrx_word' id='word_1_128' title='bbox 1017 1320 1065 1386; x_wconf 99' lang='grc' dir='ltr'><strong>Μ.</strong></span> <span class='ocrx_word' id='word_1_129' title='bbox 1086 1320 1224 1408; x_wconf 85' lang='lat' dir='ltr'><strong>Agrippa</strong></span> <span class='ocrx_word' id='word_1_130' title='bbox 1245 1318 1302 1385; x_wconf 94' lang='lat' dir='ltr'><strong>dici</strong></span> <span class='ocrx_word' id='word_1_131' title='bbox 1323 1319 1454 1407; x_wconf 90' lang='lat' dir='ltr'><strong>potuerit</strong></span> <span class='ocrx_word' id='word_1_132' title='bbox 1474 1319 1485 1383; x_wconf 94' lang='lat' dir='ltr'><strong>i</strong></span> <span class='ocrx_word' id='word_1_133' title='bbox 1509 1319 1617 1385; x_wconf 90' lang='lat' dir='ltr'><strong>nobilis</strong></span> <span class='ocrx_word' id='word_1_134' title='bbox 1641 1318 1704 1385; x_wconf 93' lang='lat' dir='ltr'><strong>loco</strong></span> <span class='ocrx_word' id='word_1_135' title='bbox 1726 1341 1761 1385; x_wconf 90' lang='lat' dir='ltr'><strong>ac</strong></span> <span class='ocrx_word' id='word_1_136' title='bbox 1783 1319 1944 1386; x_wconf 66' lang='lat' dir='ltr'><strong>novietem</strong></span> <span class='ocrx_word' id='word_1_137' title='bbox 1964 1319 2141 1385; x_wconf 71' lang='lat' dir='ltr'><strong>nobilitasse</strong></span> <span class='ocrx_word' id='word_1_138' title='bbox 2161 1341 2255 1388; x_wconf 88' lang='lat' dir='ltr'><strong>suam.</strong></span> <span class='ocrx_word' id='word_1_139' title='bbox 2297 1321 2434 1391; x_wconf 76' lang='lat' dir='ltr'><strong>Facilius</strong></span> 
     </span>
    </p>
   </div>
   <div class='ocr_carea' id='block_1_3' title="bbox 336 1402 2433 1492">
    <p class='ocr_par' dir='ltr' id='par_1_4' title="bbox 336 1402 2433 1492">
     <span class='ocr_line' id='line_1_11' title="bbox 336 1402 2433 1492; baseline 0.005 -27"><span class='ocrx_word' id='word_1_140' title='bbox 336 1460 339 1465; x_wconf 74' lang='grc'>,</span> <span class='ocrx_word' id='word_1_141' title='bbox 440 1405 530 1471; x_wconf 73' lang='lat' dir='ltr'><strong>edam</strong></span> <span class='ocrx_word' id='word_1_142' title='bbox 557 1426 742 1492; x_wconf 78' lang='lat' dir='ltr'><strong>assequimur</strong></span> <span class='ocrx_word' id='word_1_143' title='bbox 769 1426 891 1470; x_wconf 82' lang='lat' dir='ltr'><strong>acumen</strong></span> <span class='ocrx_word' id='word_1_144' title='bbox 915 1405 957 1471; x_wconf 91' lang='lat' dir='ltr'><strong>L.</strong></span> <span class='ocrx_word' id='word_1_145' title='bbox 984 1404 1121 1471; x_wconf 79' lang='lat' dir='ltr'><strong>Senecae</strong></span> <span class='ocrx_word' id='word_1_146' title='bbox 1150 1403 1187 1469; x_wconf 91' lang='lat' dir='ltr'><strong>de</strong></span> <span class='ocrx_word' id='word_1_147' title='bbox 1218 1402 1326 1469; x_wconf 89' lang='lat' dir='ltr'><strong>Beuel.</strong></span> <span class='ocrx_word' id='word_1_148' title='bbox 1354 1403 1442 1469; x_wconf 90' lang='lat' dir='ltr'><strong>Libr.</strong></span> <span class='ocrx_word' id='word_1_149' title='bbox 1471 1404 1486 1468; x_wconf 95' lang='lat' dir='ltr'><strong>l</strong></span> <span class='ocrx_word' id='word_1_150' title='bbox 1521 1425 1577 1470; x_wconf 89' lang='lat' dir='ltr'><strong>.c.</strong></span> <span class='ocrx_word' id='word_1_151' title='bbox 1598 1403 1650 1469; x_wconf 76' lang='lat'><strong>32</strong></span> <span class='ocrx_word' id='word_1_152' title='bbox 1672 1404 1700 1487; x_wconf 64' lang='grc' dir='ltr'><strong>ξ.</strong></span> <span class='ocrx_word' id='word_1_153' title='bbox 1721 1404 1752 1470; x_wconf 84' lang='grc'><strong>2.</strong></span> <span class='ocrx_word' id='word_1_154' title='bbox 1775 1404 1946 1470; x_wconf 80' lang='lat' dir='ltr'><strong>scribentis:</strong></span> <span class='ocrx_word' id='word_1_155' title='bbox 1974 1402 2104 1487; x_wconf 89' lang='lat' dir='ltr'><strong>„Utrum</strong></span> <span class='ocrx_word' id='word_1_156' title='bbox 2132 1407 2227 1492; x_wconf 87' lang='lat' dir='ltr'><strong>majus</strong></span> <span class='ocrx_word' id='word_1_157' title='bbox 2256 1406 2433 1475; x_wconf 80' lang='lat' dir='ltr'><strong>beneficium</strong></span> 
     </span>
    </p>
   </div>
   <div class='ocr_carea' id='block_1_4' title="bbox 412 1485 2436 2252">
    <p class='ocr_par' dir='ltr' id='par_1_5' title="bbox 412 1485 2436 2252">
     <span class='ocr_line' id='line_1_12' title="bbox 441 1485 2435 1607; baseline 0.001 -52"><span class='ocrx_word' id='word_1_158' title='bbox 441 1486 524 1575; x_wconf 79' lang='lat' dir='ltr'><strong>dedit</strong></span> <span class='ocrx_word' id='word_1_159' title='bbox 542 1487 589 1557; x_wconf 87' lang='grc' dir='ltr'><strong>Μ.</strong></span> <span class='ocrx_word' id='word_1_160' title='bbox 611 1490 766 1579; x_wconf 80' lang='lat' dir='ltr'><strong>Agrippae</strong></span> <span class='ocrx_word' id='word_1_161' title='bbox 787 1497 887 1579; x_wconf 90' lang='lat' dir='ltr'><strong>pater,</strong></span> <span class='ocrx_word' id='word_1_162' title='bbox 908 1510 948 1554; x_wconf 92' lang='lat' dir='ltr'><strong>ne</strong></span> <span class='ocrx_word' id='word_1_163' title='bbox 968 1497 1038 1579; x_wconf 91' lang='lat' dir='ltr'><strong>post</strong></span> <span class='ocrx_word' id='word_1_164' title='bbox 1057 1489 1225 1607; x_wconf 79' lang='lat' dir='ltr'><strong>Agrippam</strong></span> <span class='ocrx_word' id='word_1_165' title='bbox 1246 1485 1364 1576; x_wconf 90' lang='lat' dir='ltr'><strong>quidem</strong></span> <span class='ocrx_word' id='word_1_166' title='bbox 1384 1495 1491 1554; x_wconf 89' lang='lat' dir='ltr'><strong>notus:</strong></span> <span class='ocrx_word' id='word_1_167' title='bbox 1514 1509 1552 1553; x_wconf 91' lang='lat' dir='ltr'><strong>an</strong></span> <span class='ocrx_word' id='word_1_168' title='bbox 1573 1489 1652 1577; x_wconf 87' lang='lat' dir='ltr'><strong>patri</strong></span> <span class='ocrx_word' id='word_1_169' title='bbox 1674 1487 1755 1555; x_wconf 80' lang='lat' dir='ltr'><strong>dedit</strong></span> <span class='ocrx_word' id='word_1_170' title='bbox 1777 1487 1929 1577; x_wconf 78' lang='lat' dir='ltr'><strong>Agrippa,</strong></span> <span class='ocrx_word' id='word_1_171' title='bbox 1951 1488 2050 1553; x_wconf 85' lang='lat' dir='ltr'><strong>navali</strong></span> <span class='ocrx_word' id='word_1_172' title='bbox 2071 1510 2184 1555; x_wconf 90' lang='lat' dir='ltr'><strong>corona</strong></span> <span class='ocrx_word' id='word_1_173' title='bbox 2202 1490 2345 1578; x_wconf 85' lang='lat' dir='ltr'><strong>insignis,</strong></span> <span class='ocrx_word' id='word_1_174' title='bbox 2366 1492 2435 1557; x_wconf 84' lang='lat' dir='ltr'><strong>nni·</strong></span> 
     </span>
     <span class='ocr_line' id='line_1_13' title="bbox 441 1571 2434 1663; baseline 0.001 -22"><span class='ocrx_word' id='word_1_175' title='bbox 441 1594 507 1641; x_wconf 81' lang='lat' dir='ltr'><strong>nim</strong></span> <span class='ocrx_word' id='word_1_176' title='bbox 527 1571 652 1663; x_wconf 88' lang='lat' dir='ltr'><strong>adeptus</strong></span> <span class='ocrx_word' id='word_1_177' title='bbox 673 1575 754 1641; x_wconf 88' lang='lat' dir='ltr'><strong>inter</strong></span> <span class='ocrx_word' id='word_1_178' title='bbox 774 1574 852 1640; x_wconf 90' lang='lat' dir='ltr'><strong>dona</strong></span> <span class='ocrx_word' id='word_1_179' title='bbox 872 1574 1014 1641; x_wconf 87' lang='lat' dir='ltr'><strong>militaria</strong></span> <span class='ocrx_word' id='word_1_180' title='bbox 1034 1571 1152 1649; x_wconf 63' lang='lat' dir='ltr'><strong>deensi*</strong></span> <span class='ocrx_word' id='word_1_181' title='bbox 1205 1573 1236 1638; x_wconf 96' lang='lat' dir='ltr'><strong>A</strong></span> <span class='ocrx_word' id='word_1_182' title='bbox 1257 1581 1360 1663; x_wconf 89' lang='lat' dir='ltr'><strong>patre,</strong></span> <span class='ocrx_word' id='word_1_183' title='bbox 1383 1571 1514 1658; x_wconf 84' lang='lat' dir='ltr'><strong>quamvis</strong></span> <span class='ocrx_word' id='word_1_184' title='bbox 1535 1573 1679 1658; x_wconf 91' lang='lat' dir='ltr'><strong>obscuro,</strong></span> <span class='ocrx_word' id='word_1_185' title='bbox 1705 1580 1802 1638; x_wconf 91' lang='lat' dir='ltr'><strong>tamen</strong></span> <span class='ocrx_word' id='word_1_186' title='bbox 1824 1573 1971 1662; x_wconf 92' lang='lat' dir='ltr'><strong>locuplete</strong></span> <span class='ocrx_word' id='word_1_187' title='bbox 1992 1593 2028 1637; x_wconf 90' lang='lat' dir='ltr'><strong>ac</strong></span> <span class='ocrx_word' id='word_1_188' title='bbox 2049 1571 2156 1656; x_wconf 82' lang='lat' dir='ltr'><strong>diuite,</strong></span> <span class='ocrx_word' id='word_1_189' title='bbox 2183 1573 2322 1641; x_wconf 85' lang='lat' dir='ltr'><strong>videntur</strong></span> <span class='ocrx_word' id='word_1_190' title='bbox 2342 1576 2434 1643; x_wconf 74' lang='lat' dir='ltr'><strong>etan</strong></span> 
     </span>
     <span class='ocr_line' id='line_1_14' title="bbox 412 1656 2435 1809; baseline -0.001 -82"><span class='ocrx_word' id='word_1_191' title='bbox 412 1678 569 1809; x_wconf 51' lang='lat' dir='ltr'><strong>‚niffen</strong></span> <span class='ocrx_word' id='word_1_192' title='bbox 590 1657 710 1760; x_wconf 77' lang='lat' dir='ltr'><strong>divitiae</strong></span> <span class='ocrx_word' id='word_1_193' title='bbox 731 1658 1090 1758; x_wconf 23' lang='lat' dir='ltr'><strong>hereditatetperi’enisse</strong></span> <span class='ocrx_word' id='word_1_194' title='bbox 1117 1657 1155 1723; x_wconf 89' lang='lat' dir='ltr'><strong>ad</strong></span> <span class='ocrx_word' id='word_1_195' title='bbox 1176 1657 1286 1756; x_wconf 85' lang='lat' dir='ltr'><strong>lilium,</strong></span> <span class='ocrx_word' id='word_1_196' title='bbox 1308 1659 1398 1744; x_wconf 81' lang='lat' dir='ltr'><strong>‘quem</strong></span> <span class='ocrx_word' id='word_1_197' title='bbox 1419 1657 1660 1805; x_wconf 60' lang='lat' dir='ltr'><strong>non&#39;cmllbflel’</strong></span> <span class='ocrx_word' id='word_1_198' title='bbox 1671 1667 1719 1723; x_wconf 89' lang='lat' dir='ltr'><strong>est</strong></span> <span class='ocrx_word' id='word_1_199' title='bbox 1740 1679 1779 1723; x_wconf 85' lang='lat' dir='ltr'><strong>ex</strong></span> <span class='ocrx_word' id='word_1_200' title='bbox 1801 1658 1874 1722; x_wconf 89' lang='lat' dir='ltr'><strong>solis</strong></span> <span class='ocrx_word' id='word_1_201' title='bbox 1895 1656 2041 1722; x_wconf 89' lang='lat' dir='ltr'><strong>manubiis</strong></span> <span class='ocrx_word' id='word_1_202' title='bbox 2062 1657 2435 1809; x_wconf 61' lang='lat' dir='ltr'><strong>mppioerihusvedAugusti,</strong></span> 
     </span>
     <span class='ocr_line' id='line_1_15' title="bbox 440 1741 2436 1925; baseline 0.001 -31"><span class='ocrx_word' id='word_1_203' title='bbox 440 1744 963 1916; x_wconf 68' lang='lat' dir='ltr'><strong>:coaetaneorum</strong></span> <span class='ocrx_word' id='word_1_204' title='bbox 976 1750 1922 1925; x_wconf 64' lang='lat' dir='ltr'><strong>aaainuadendum....palliata</strong></span> <span class='ocrx_word' id='word_1_205' title='bbox 1934 1749 2068 1909; x_wconf 68' lang='lat' dir='ltr'><strong>aira</strong></span> <span class='ocrx_word' id='word_1_206' title='bbox 2091 1836 2124 1893; x_wconf 88' lang='lat'><strong>.</strong></span> <span class='ocrx_word' id='word_1_207' title='bbox 2140 1741 2283 1914; x_wconf 73' lang='lat' dir='ltr'><strong>iada</strong></span> <span class='ocrx_word' id='word_1_208' title='bbox 2295 1753 2436 1895; x_wconf 70' lang='lat' dir='ltr'><strong>iuuit</strong></span> 
     </span>
     <span class='ocr_line' id='line_1_16' title="bbox 440 1850 2434 2001; baseline 0.001 -24"><span class='ocrx_word' id='word_1_209' title='bbox 440 1911 656 1993; x_wconf 85' lang='lat' dir='ltr'><strong>innotesceret¹</strong></span> <span class='ocrx_word' id='word_1_210' title='bbox 671 1923 760 2001; x_wconf 87' lang='lat' dir='ltr'><strong>atque</strong></span> <span class='ocrx_word' id='word_1_211' title='bbox 789 1913 919 1996; x_wconf 90' lang='lat' dir='ltr'><strong>eisdem,</strong></span> <span class='ocrx_word' id='word_1_212' title='bbox 965 1913 1050 1979; x_wconf 91' lang='lat' dir='ltr'><strong>nibus</strong></span> <span class='ocrx_word' id='word_1_213' title='bbox 1078 1850 1154 1994; x_wconf 80' lang='lat' dir='ltr'><strong>ille,</strong></span> <span class='ocrx_word' id='word_1_214' title='bbox 1177 1933 1249 1977; x_wconf 90' lang='lat' dir='ltr'><strong>usus</strong></span> <span class='ocrx_word' id='word_1_215' title='bbox 1275 1921 1429 1976; x_wconf 83' lang='lat' dir='ltr'><strong>maoistns</strong></span> <span class='ocrx_word' id='word_1_216' title='bbox 1457 1920 1568 1976; x_wconf 88' lang='lat' dir='ltr'><strong>artiore</strong></span> <span class='ocrx_word' id='word_1_217' title='bbox 1596 1909 1798 1975; x_wconf 86' lang='lat' dir='ltr'><strong>laniihuritate</strong></span> <span class='ocrx_word' id='word_1_218' title='bbox 1824 1932 1931 1997; x_wconf 83' lang='lat' dir='ltr'><strong>conpiii</strong></span> <span class='ocrx_word' id='word_1_219' title='bbox 1957 1920 2067 1980; x_wconf 90' lang='lat' dir='ltr'><strong>eretur.</strong></span> <span class='ocrx_word' id='word_1_220' title='bbox 2122 1909 2185 1979; x_wconf 83' lang='lat' dir='ltr'><strong>Sed</strong></span> <span class='ocrx_word' id='word_1_221' title='bbox 2213 1919 2312 1977; x_wconf 83' lang='lat' dir='ltr'><strong>tamen</strong></span> <span class='ocrx_word' id='word_1_222' title='bbox 2340 1914 2434 1985; x_wconf 78' lang='lat' dir='ltr'><strong>rebus</strong></span> 
     </span>
     <span class='ocr_line' id='line_1_17' title="bbox 441 1962 2435 2135; baseline 0.001 -72"><span class='ocrx_word' id='word_1_223' title='bbox 441 1996 595 2086; x_wconf 73' lang='lat' dir='ltr'><strong>uhiusqoe</strong></span> <span class='ocrx_word' id='word_1_224' title='bbox 615 2019 651 2068; x_wconf 78' lang='lat' dir='ltr'><strong>ac</strong></span> <span class='ocrx_word' id='word_1_225' title='bbox 672 1998 852 2098; x_wconf 88' lang='lat' dir='ltr'><strong>temporibus</strong></span> <span class='ocrx_word' id='word_1_226' title='bbox 873 1997 1004 2088; x_wconf 90' lang='lat' dir='ltr'><strong>penitius</strong></span> <span class='ocrx_word' id='word_1_227' title='bbox 1025 1997 1169 2087; x_wconf 85' lang='lat' dir='ltr'><strong>spectatis</strong></span> <span class='ocrx_word' id='word_1_228' title='bbox 1190 2005 1251 2061; x_wconf 89' lang='lat' dir='ltr'><strong>noti</strong></span> <span class='ocrx_word' id='word_1_229' title='bbox 1272 1962 1396 2093; x_wconf 77' lang='lat' dir='ltr'><strong>multum</strong></span> <span class='ocrx_word' id='word_1_230' title='bbox 1415 1994 1502 2059; x_wconf 89' lang='lat' dir='ltr'><strong>abest</strong></span> <span class='ocrx_word' id='word_1_231' title='bbox 1516 1994 1591 2135; x_wconf 68' lang='lat' dir='ltr'><strong>puin</strong></span> <span class='ocrx_word' id='word_1_232' title='bbox 1619 1995 1784 2094; x_wconf 77' lang='lat' dir='ltr'><strong>communia</strong></span> <span class='ocrx_word' id='word_1_233' title='bbox 1807 1994 1861 2060; x_wconf 90' lang='lat' dir='ltr'><strong>illa</strong></span> <span class='ocrx_word' id='word_1_234' title='bbox 1881 2004 1929 2060; x_wconf 86' lang='lat' dir='ltr'><strong>stu</strong></span> <span class='ocrx_word' id='word_1_235' title='bbox 1951 1997 1957 2010; x_wconf 87' lang='lat'>&#39;</span> <span class='ocrx_word' id='word_1_236' title='bbox 1985 2044 1995 2078; x_wconf 90' lang='lat'><strong>,</strong></span> <span class='ocrx_word' id='word_1_237' title='bbox 2021 1995 2049 2059; x_wconf 92' lang='lat' dir='ltr'><strong>si</strong></span> <span class='ocrx_word' id='word_1_238' title='bbox 2070 1994 2107 2061; x_wconf 85' lang='lat' dir='ltr'><strong>ab</strong></span> <span class='ocrx_word' id='word_1_239' title='bbox 2129 1994 2299 2083; x_wconf 86' lang='lat' dir='ltr'><strong>eloquentia</strong></span> <span class='ocrx_word' id='word_1_240' title='bbox 2320 1994 2435 2063; x_wconf 71' lang='grc' dir='ltr'><strong>Μιωο·</strong></span> 
     </span>
     <span class='ocr_line' id='line_1_18' title="bbox 441 2078 2435 2167; baseline 0.002 -21"><span class='ocrx_word' id='word_1_241' title='bbox 441 2080 536 2167; x_wconf 87' lang='lat' dir='ltr'><strong>seris,</strong></span> <span class='ocrx_word' id='word_1_242' title='bbox 557 2080 666 2149; x_wconf 89' lang='lat' dir='ltr'><strong>adres</strong></span> <span class='ocrx_word' id='word_1_243' title='bbox 708 2083 872 2150; x_wconf 87' lang='lat' dir='ltr'><strong>otissimum</strong></span> <span class='ocrx_word' id='word_1_244' title='bbox 893 2082 1038 2148; x_wconf 82' lang='lat' dir='ltr'><strong>militares</strong></span> <span class='ocrx_word' id='word_1_245' title='bbox 1057 2080 1225 2147; x_wconf 85' lang='lat' dir='ltr'><strong>revocanda</strong></span> <span class='ocrx_word' id='word_1_246' title='bbox 1246 2102 1314 2145; x_wconf 87' lang='lat' dir='ltr'><strong>esse</strong></span> <span class='ocrx_word' id='word_1_247' title='bbox 1335 2080 1472 2145; x_wconf 90' lang='lat' dir='ltr'><strong>arbitrer.</strong></span> <span class='ocrx_word' id='word_1_248' title='bbox 1517 2101 1569 2144; x_wconf 59' lang='lat' dir='ltr'><strong>ric</strong></span> <span class='ocrx_word' id='word_1_249' title='bbox 1589 2078 1635 2145; x_wconf 94' lang='grc' dir='ltr'><strong>Μ.</strong></span> <span class='ocrx_word' id='word_1_250' title='bbox 1657 2079 1796 2167; x_wconf 75' lang='lat' dir='ltr'><strong>Agrippa</strong></span> <span class='ocrx_word' id='word_1_251' title='bbox 1816 2101 1876 2145; x_wconf 90' lang='lat' dir='ltr'><strong>non</strong></span> <span class='ocrx_word' id='word_1_252' title='bbox 1903 2092 1963 2147; x_wconf 87' lang='lat' dir='ltr'><strong>tam</strong></span> <span class='ocrx_word' id='word_1_253' title='bbox 1984 2078 2103 2162; x_wconf 86' lang='lat' dir='ltr'><strong>doctus,</strong></span> <span class='ocrx_word' id='word_1_254' title='bbox 2131 2102 2217 2167; x_wconf 86' lang='lat' dir='ltr'><strong>quain</strong></span> <span class='ocrx_word' id='word_1_255' title='bbox 2238 2082 2333 2148; x_wconf 87' lang='lat' dir='ltr'><strong>bonus</strong></span> <span class='ocrx_word' id='word_1_256' title='bbox 2354 2081 2435 2149; x_wconf 80' lang='lat' dir='ltr'><strong>ruili-</strong></span> 
     </span>
     <span class='ocr_line' id='line_1_19' title="bbox 441 2104 2434 2252; baseline -0.001 -19"><span class='ocrx_word' id='word_1_257' title='bbox 441 2104 768 2235; x_wconf 70' lang='lat' dir='ltr'><strong>meretricibus</strong></span> <span class='ocrx_word' id='word_1_258' title='bbox 789 2166 1138 2250; x_wconf 84' lang='lat' dir='ltr'><strong>ethostiumvictor,⁷)</strong></span> <span class='ocrx_word' id='word_1_259' title='bbox 1160 2186 1255 2252; x_wconf 82' lang='lat' dir='ltr'><strong>neque</strong></span> <span class='ocrx_word' id='word_1_260' title='bbox 1275 2165 1341 2229; x_wconf 84' lang='lat' dir='ltr'><strong>ueri</strong></span> <span class='ocrx_word' id='word_1_261' title='bbox 1362 2172 1410 2231; x_wconf 88' lang='lat' dir='ltr'><strong>est</strong></span> <span class='ocrx_word' id='word_1_262' title='bbox 1430 2162 1586 2246; x_wconf 87' lang='lat' dir='ltr'><strong>dissimile,</strong></span> <span class='ocrx_word' id='word_1_263' title='bbox 1608 2185 1673 2229; x_wconf 90' lang='lat' dir='ltr'><strong>euin</strong></span> <span class='ocrx_word' id='word_1_264' title='bbox 1695 2166 1776 2252; x_wconf 87' lang='lat' dir='ltr'><strong>prius</strong></span> <span class='ocrx_word' id='word_1_265' title='bbox 1799 2186 1884 2252; x_wconf 89' lang='lat' dir='ltr'><strong>quam</strong></span> <span class='ocrx_word' id='word_1_266' title='bbox 1907 2165 2086 2251; x_wconf 84' lang='lat' dir='ltr'><strong>Augustum,</strong></span> <span class='ocrx_word' id='word_1_267' title='bbox 2107 2186 2172 2231; x_wconf 90' lang='lat' dir='ltr'><strong>siim</strong></span> <span class='ocrx_word' id='word_1_268' title='bbox 2195 2175 2226 2231; x_wconf 86' lang='lat' dir='ltr'><strong>ta</strong></span> <span class='ocrx_word' id='word_1_269' title='bbox 2247 2173 2278 2231; x_wconf 88' lang='lat' dir='ltr'><strong>to</strong></span> <span class='ocrx_word' id='word_1_270' title='bbox 2340 2164 2434 2250; x_wconf 81' lang='lat' dir='ltr'><strong>virili,</strong></span> 
     </span>
    </p>
   </div>
   <div class='ocr_carea' id='block_1_5' title="bbox 440 2246 2536 2339">
    <p class='ocr_par' dir='ltr' id='par_1_6' title="bbox 440 2246 2536 2339">
     <span class='ocr_line' id='line_1_20' title="bbox 440 2246 2536 2339; baseline 0.001 -22"><span class='ocrx_word' id='word_1_271' title='bbox 440 2247 610 2317; x_wconf 86' lang='lat' dir='ltr'><strong>Dictatoris</strong></span> <span class='ocrx_word' id='word_1_272' title='bbox 630 2258 731 2318; x_wconf 88' lang='lat' dir='ltr'><strong>castra</strong></span> <span class='ocrx_word' id='word_1_273' title='bbox 750 2258 883 2318; x_wconf 84' lang='lat' dir='ltr'><strong>secutum</strong></span> <span class='ocrx_word' id='word_1_274' title='bbox 905 2251 933 2317; x_wconf 91' lang='lat' dir='ltr'><strong>si</strong></span> <span class='ocrx_word' id='word_1_275' title='bbox 952 2271 1013 2317; x_wconf 93' lang='lat' dir='ltr'><strong>non</strong></span> <span class='ocrx_word' id='word_1_276' title='bbox 1035 2249 1115 2317; x_wconf 88' lang='lat' dir='ltr'><strong>bede</strong></span> <span class='ocrx_word' id='word_1_277' title='bbox 1128 2250 1293 2334; x_wconf 59' lang='lat' dir='ltr'><strong>:Aliicana</strong></span> <span class='ocrx_word' id='word_1_278' title='bbox 1315 2246 1405 2314; x_wconf 81' lang='lat' dir='ltr'><strong>certe&#39;</strong></span> <span class='ocrx_word' id='word_1_279' title='bbox 1418 2247 1614 2338; x_wconf 83' lang='lat' dir='ltr'><strong>Hispaniensi</strong></span> <span class='ocrx_word' id='word_1_280' title='bbox 1635 2249 1817 2314; x_wconf 82' lang='lat' dir='ltr'><strong>interfuisse.</strong></span> <span class='ocrx_word' id='word_1_281' title='bbox 1860 2248 1938 2314; x_wconf 92' lang='lat' dir='ltr'><strong>illud</strong></span> <span class='ocrx_word' id='word_1_282' title='bbox 1961 2256 2057 2314; x_wconf 87' lang='lat' dir='ltr'><strong>autem</strong></span> <span class='ocrx_word' id='word_1_283' title='bbox 2078 2249 2107 2315; x_wconf 86' lang='lat' dir='ltr'><strong>si</strong></span> <span class='ocrx_word' id='word_1_284' title='bbox 2127 2249 2197 2339; x_wconf 85' lang='lat' dir='ltr'><strong>quid</strong></span> <span class='ocrx_word' id='word_1_285' title='bbox 2217 2248 2278 2315; x_wconf 87' lang='lat' dir='ltr'><strong>aliu</strong></span> <span class='ocrx_word' id='word_1_286' title='bbox 2320 2258 2436 2319; x_wconf 71' lang='lat' dir='ltr'><strong>oenum</strong></span> <span class='ocrx_word' id='word_1_287' title='bbox 2534 2284 2536 2288; x_wconf 95' lang='lat'>·</span> 
     </span>
    </p>
   </div>
   <div class='ocr_carea' id='block_1_6' title="bbox 433 2332 2473 4284">
    <p class='ocr_par' dir='ltr' id='par_1_7' title="bbox 433 2332 2473 4284">
     <span class='ocr_line' id='line_1_21' title="bbox 441 2332 2435 2435; baseline 0 -34"><span class='ocrx_word' id='word_1_288' title='bbox 441 2340 491 2401; x_wconf 88' lang='lat' dir='ltr'><strong>est</strong></span> <span class='ocrx_word' id='word_1_289' title='bbox 509 2343 599 2435; x_wconf 76' lang='lat' dir='ltr'><strong>atque</strong></span> <span class='ocrx_word' id='word_1_290' title='bbox 620 2335 759 2421; x_wconf 85' lang='lat' dir='ltr'><strong>evidens,</strong></span> <span class='ocrx_word' id='word_1_291' title='bbox 779 2337 813 2402; x_wconf 93' lang='lat' dir='ltr'><strong>in</strong></span> <span class='ocrx_word' id='word_1_292' title='bbox 832 2334 879 2435; x_wconf 89' lang='lat' dir='ltr'><strong>M.</strong></span> <span class='ocrx_word' id='word_1_293' title='bbox 900 2334 1054 2435; x_wconf 75' lang='lat' dir='ltr'><strong>Agrippa,</strong></span> <span class='ocrx_word' id='word_1_294' title='bbox 1081 2333 1273 2435; x_wconf 72' lang='lat' dir='ltr'><strong>adolescente</strong></span> <span class='ocrx_word' id='word_1_295' title='bbox 1292 2353 1329 2398; x_wconf 91' lang='lat' dir='ltr'><strong>ac</strong></span> <span class='ocrx_word' id='word_1_296' title='bbox 1350 2334 1465 2416; x_wconf 89' lang='lat' dir='ltr'><strong>tirone,</strong></span> <span class='ocrx_word' id='word_1_297' title='bbox 1497 2341 1612 2399; x_wconf 89' lang='lat' dir='ltr'><strong>mature</strong></span> <span class='ocrx_word' id='word_1_298' title='bbox 1633 2355 1685 2399; x_wconf 88' lang='lat' dir='ltr'><strong>eas</strong></span> <span class='ocrx_word' id='word_1_299' title='bbox 1707 2332 1797 2398; x_wconf 89' lang='lat' dir='ltr'><strong>animi</strong></span> <span class='ocrx_word' id='word_1_300' title='bbox 1824 2333 2144 2433; x_wconf 75' lang='lat' dir='ltr'><strong>ingeniique-virtutes</strong></span> <span class='ocrx_word' id='word_1_301' title='bbox 2165 2334 2326 2435; x_wconf 68' lang='lat' dir='ltr'><strong>emicuisse</strong></span> <span class='ocrx_word' id='word_1_302' title='bbox 2343 2343 2435 2434; x_wconf 77' lang='lat' dir='ltr'><strong>atque</strong></span> 
     </span>
     <span class='ocr_line' id='line_1_22' title="bbox 441 2417 2434 2568; baseline 0 -82"><span class='ocrx_word' id='word_1_303' title='bbox 441 2419 480 2486; x_wconf 86' lang='lat' dir='ltr'><strong>ub</strong></span> <span class='ocrx_word' id='word_1_304' title='bbox 499 2417 583 2487; x_wconf 89' lang='lat' dir='ltr'><strong>Juho</strong></span> <span class='ocrx_word' id='word_1_305' title='bbox 611 2419 763 2520; x_wconf 79' lang='lat' dir='ltr'><strong>Caesare,</strong></span> <span class='ocrx_word' id='word_1_306' title='bbox 788 2420 907 2520; x_wconf 80' lang='lat' dir='ltr'><strong>homine</strong></span> <span class='ocrx_word' id='word_1_307' title='bbox 927 2440 1199 2519; x_wconf 80' lang='lat' dir='ltr'><strong>perspicacissimo,</strong></span> <span class='ocrx_word' id='word_1_308' title='bbox 1225 2418 1446 2518; x_wconf 75' lang='lat' dir='ltr'><strong>animadversas</strong></span> <span class='ocrx_word' id='word_1_309' title='bbox 1467 2419 1666 2568; x_wconf 76' lang='lat' dir='ltr'><strong>probatasippe</strong></span> <span class='ocrx_word' id='word_1_310' title='bbox 1692 2439 1778 2500; x_wconf 91' lang='lat' dir='ltr'><strong>esse,</strong></span> <span class='ocrx_word' id='word_1_311' title='bbox 1804 2420 1908 2523; x_wconf 77' lang='lat' dir='ltr'><strong>ipuihus</strong></span> <span class='ocrx_word' id='word_1_312' title='bbox 1934 2440 2021 2500; x_wconf 89' lang='lat' dir='ltr'><strong>cuin,</strong></span> <span class='ocrx_word' id='word_1_313' title='bbox 2051 2418 2143 2517; x_wconf 82' lang='lat' dir='ltr'><strong>nullis</strong></span> <span class='ocrx_word' id='word_1_314' title='bbox 2170 2417 2243 2485; x_wconf 89' lang='lat' dir='ltr'><strong>licet</strong></span> <span class='ocrx_word' id='word_1_315' title='bbox 2264 2420 2434 2519; x_wconf 65' lang='lat' dir='ltr'><strong>.¹¹¹.²J¹l¹.¹l¹¹⁸</strong></span> 
     </span>
     <span class='ocr_line' id='line_1_23' title="bbox 441 2502 2435 2601; baseline -0.002 -26"><span class='ocrx_word' id='word_1_316' title='bbox 441 2510 555 2588; x_wconf 77' lang='lat' dir='ltr'><strong>urium,</strong></span> <span class='ocrx_word' id='word_1_317' title='bbox 575 2504 707 2593; x_wconf 87' lang='lat' dir='ltr'><strong>Augusti</strong></span> <span class='ocrx_word' id='word_1_318' title='bbox 727 2504 960 2595; x_wconf 77' lang='lat' dir='ltr'><strong>condiscipulatu</strong></span> <span class='ocrx_word' id='word_1_319' title='bbox 981 2513 1013 2570; x_wconf 91' lang='lat' dir='ltr'><strong>et</strong></span> <span class='ocrx_word' id='word_1_320' title='bbox 1033 2503 1242 2594; x_wconf 87' lang='lat' dir='ltr'><strong>Apolloniensi</strong></span> <span class='ocrx_word' id='word_1_321' title='bbox 1262 2504 1455 2569; x_wconf 91' lang='lat' dir='ltr'><strong>contubernio</strong></span> <span class='ocrx_word' id='word_1_322' title='bbox 1476 2503 1598 2589; x_wconf 86' lang='lat' dir='ltr'><strong>dignum</strong></span> <span class='ocrx_word' id='word_1_323' title='bbox 1640 2502 1753 2569; x_wconf 88' lang='lat' dir='ltr'><strong>aberet.</strong></span> <span class='ocrx_word' id='word_1_324' title='bbox 1795 2504 1901 2590; x_wconf 73' lang='lat' dir='ltr'><strong>Aeque</strong></span> <span class='ocrx_word' id='word_1_325' title='bbox 1923 2509 2021 2601; x_wconf 68' lang='lat' dir='ltr'><strong>amen</strong></span> <span class='ocrx_word' id='word_1_326' title='bbox 2043 2523 2213 2590; x_wconf 81' lang='lat' dir='ltr'><strong>quisquam,</strong></span> <span class='ocrx_word' id='word_1_327' title='bbox 2241 2524 2303 2569; x_wconf 85' lang='lat' dir='ltr'><strong>nisi</strong></span> <span class='ocrx_word' id='word_1_328' title='bbox 2323 2526 2374 2592; x_wconf 84' lang='lat' dir='ltr'><strong>qni</strong></span> <span class='ocrx_word' id='word_1_329' title='bbox 2393 2502 2435 2571; x_wconf 84' lang='lat' dir='ltr'><strong>id</strong></span> 
     </span>
     <span class='ocr_line' id='line_1_24' title="bbox 442 2586 2435 2687; baseline -0.001 -32"><span class='ocrx_word' id='word_1_330' title='bbox 442 2608 495 2673; x_wconf 85' lang='lat' dir='ltr'><strong>ea,</strong></span> <span class='ocrx_word' id='word_1_331' title='bbox 515 2609 590 2678; x_wconf 86' lang='lat' dir='ltr'><strong>quae</strong></span> <span class='ocrx_word' id='word_1_332' title='bbox 610 2589 698 2656; x_wconf 88' lang='lat' dir='ltr'><strong>Libr.</strong></span> <span class='ocrx_word' id='word_1_333' title='bbox 719 2591 745 2657; x_wconf 92' lang='lat' dir='ltr'><strong>l.</strong></span> <span class='ocrx_word' id='word_1_334' title='bbox 766 2590 795 2674; x_wconf 83' lang='lat'><strong>§.</strong></span> <span class='ocrx_word' id='word_1_335' title='bbox 816 2588 868 2656; x_wconf 86' lang='lat' dir='ltr'><strong>lo.</strong></span> <span class='ocrx_word' id='word_1_336' title='bbox 890 2589 928 2655; x_wconf 89' lang='lat' dir='ltr'><strong>de</strong></span> <span class='ocrx_word' id='word_1_337' title='bbox 948 2588 1054 2655; x_wconf 88' lang='lat' dir='ltr'><strong>studiis</strong></span> <span class='ocrx_word' id='word_1_338' title='bbox 1076 2587 1207 2677; x_wconf 81' lang='lat' dir='ltr'><strong>Augusti</strong></span> <span class='ocrx_word' id='word_1_339' title='bbox 1228 2586 1492 2676; x_wconf 89' lang='lat' dir='ltr'><strong>Apolloniensihus</strong></span> <span class='ocrx_word' id='word_1_340' title='bbox 1525 2587 1670 2684; x_wconf 80' lang='lat' dir='ltr'><strong>disserui,</strong></span> <span class='ocrx_word' id='word_1_341' title='bbox 1702 2587 1871 2675; x_wconf 92' lang='lat' dir='ltr'><strong>opinionem</strong></span> <span class='ocrx_word' id='word_1_342' title='bbox 1898 2587 2123 2687; x_wconf 43' lang='lat' dir='ltr'><strong>attulei·it·ante</strong></span> <span class='ocrx_word' id='word_1_343' title='bbox 2144 2596 2348 2687; x_wconf 56' lang='lat' dir='ltr'><strong>conceptam,</strong></span> <span class='ocrx_word' id='word_1_344' title='bbox 2362 2608 2435 2653; x_wconf 85' lang='lat' dir='ltr'><strong>uere</strong></span> 
     </span>
     <span class='ocr_line' id='line_1_25' title="bbox 433 2670 2436 2846; baseline -0 -22"><span class='ocrx_word' id='word_1_345' title='bbox 433 2679 475 2752; x_wconf 56' lang='lat' dir='ltr'><strong>l</strong></span> <span class='ocrx_word' id='word_1_346' title='bbox 493 2694 534 2743; x_wconf 80' lang='lat'><strong>⁰¹</strong></span> <span class='ocrx_word' id='word_1_347' title='bbox 553 2673 821 2826; x_wconf 67' lang='lat' dir='ltr'><strong>“titiltht</strong></span> <span class='ocrx_word' id='word_1_348' title='bbox 836 2670 2023 2845; x_wconf 56' lang='lat' dir='ltr'><strong>littliddtlldhdialtttdltllltl.titillabit</strong></span> <span class='ocrx_word' id='word_1_349' title='bbox 2042 2670 2436 2846; x_wconf 56' lang='lat' dir='ltr'><strong>{titillata</strong></span> 
     </span>
     <span class='ocr_line' id='line_1_26' title="bbox 440 2778 2436 2940; baseline -0.001 -31"><span class='ocrx_word' id='word_1_350' title='bbox 440 2778 530 2909; x_wconf 44' lang='lat' dir='ltr'><strong>dha,</strong></span> <span class='ocrx_word' id='word_1_351' title='bbox 545 2780 582 2908; x_wconf 70' lang='lat' dir='ltr'><strong>dc</strong></span> <span class='ocrx_word' id='word_1_352' title='bbox 601 2843 776 2934; x_wconf 88' lang='lat' dir='ltr'><strong>perliceret,</strong></span> <span class='ocrx_word' id='word_1_353' title='bbox 801 2850 854 2909; x_wconf 86' lang='lat' dir='ltr'><strong>aut</strong></span> <span class='ocrx_word' id='word_1_354' title='bbox 878 2843 911 2908; x_wconf 93' lang='lat' dir='ltr'><strong>iii</strong></span> <span class='ocrx_word' id='word_1_355' title='bbox 938 2778 1065 2931; x_wconf 66' lang='lat' dir='ltr'><strong>perlgula</strong></span> <span class='ocrx_word' id='word_1_356' title='bbox 1082 2841 1176 2908; x_wconf 85' lang='lat' dir='ltr'><strong>Theo</strong></span> <span class='ocrx_word' id='word_1_357' title='bbox 1199 2841 1266 2907; x_wconf 88' lang='lat' dir='ltr'><strong>onis</strong></span> <span class='ocrx_word' id='word_1_358' title='bbox 1286 2838 1493 2939; x_wconf 73' lang='lat' dir='ltr'><strong>Mathematici</strong></span> <span class='ocrx_word' id='word_1_359' title='bbox 1518 2861 1570 2905; x_wconf 91' lang='lat' dir='ltr'><strong>eas</strong></span> <span class='ocrx_word' id='word_1_360' title='bbox 1590 2854 1677 2940; x_wconf 74' lang='lat' dir='ltr'><strong>artes</strong></span> <span class='ocrx_word' id='word_1_361' title='bbox 1698 2839 1897 2929; x_wconf 89' lang='lat' dir='ltr'><strong>perdisceret,</strong></span> <span class='ocrx_word' id='word_1_362' title='bbox 1926 2841 2030 2929; x_wconf 88' lang='lat' dir='ltr'><strong>quibus</strong></span> <span class='ocrx_word' id='word_1_363' title='bbox 2051 2841 2178 2932; x_wconf 89' lang='lat' dir='ltr'><strong>posthac</strong></span> <span class='ocrx_word' id='word_1_364' title='bbox 2199 2842 2364 2909; x_wconf 83' lang='lat' dir='ltr'><strong>exsisteret</strong></span> <span class='ocrx_word' id='word_1_365' title='bbox 2383 2862 2436 2908; x_wconf 84' lang='lat' dir='ltr'><strong>ar·</strong></span> 
     </span>
     <span class='ocr_line' id='line_1_27' title="bbox 442 2861 2174 3073; baseline -0.002 -80"><span class='ocrx_word' id='word_1_366' title='bbox 442 2926 588 2993; x_wconf 87' lang='lat' dir='ltr'><strong>ubitectus</strong></span> <span class='ocrx_word' id='word_1_367' title='bbox 609 2935 642 2993; x_wconf 93' lang='lat' dir='ltr'><strong>et</strong></span> <span class='ocrx_word' id='word_1_368' title='bbox 661 2928 849 3014; x_wconf 84' lang='lat' dir='ltr'><strong>agrimensor</strong></span> <span class='ocrx_word' id='word_1_369' title='bbox 868 2926 1092 2993; x_wconf 87' lang='lat' dir='ltr'><strong>laudatissimus</strong></span> <span class='ocrx_word' id='word_1_370' title='bbox 1113 2932 1145 2991; x_wconf 90' lang='lat' dir='ltr'><strong>et</strong></span> <span class='ocrx_word' id='word_1_371' title='bbox 1165 2861 1203 2990; x_wconf 72' lang='lat' dir='ltr'><strong>dh</strong></span> <span class='ocrx_word' id='word_1_372' title='bbox 1226 2924 1307 2992; x_wconf 91' lang='lat' dir='ltr'><strong>Urbe</strong></span> <span class='ocrx_word' id='word_1_373' title='bbox 1328 2934 1361 2990; x_wconf 90' lang='lat' dir='ltr'><strong>et</strong></span> <span class='ocrx_word' id='word_1_374' title='bbox 1380 2946 1505 3012; x_wconf 91' lang='lat' dir='ltr'><strong>imperio</strong></span> <span class='ocrx_word' id='word_1_375' title='bbox 1525 2926 1746 3026; x_wconf 76' lang='lat' dir='ltr'><strong>pientissimus!</strong></span> <span class='ocrx_word' id='word_1_376' title='bbox 1924 3004 1933 3073; x_wconf 59' lang='grc' dir='ltr'>Ι</span> <span class='ocrx_word' id='word_1_377' title='bbox 2165 3008 2174 3025; x_wconf 33' lang='lat'><em>⁶</em></span> 
     </span>
     <span class='ocr_line' id='line_1_28' title="bbox 441 3007 2473 3247; baseline -0.001 -84"><span class='ocrx_word' id='word_1_378' title='bbox 441 3010 633 3185; x_wconf 78' lang='lat' dir='ltr'><strong>Apollonidd¹</strong></span> <span class='ocrx_word' id='word_1_379' title='bbox 642 3011 939 3247; x_wconf 49' lang='lat' dir='ltr'><strong>pffpfflnfisffiulghp:</strong></span> <span class='ocrx_word' id='word_1_380' title='bbox 951 3007 1785 3193; x_wconf 52' lang='lat' dir='ltr'><strong>abjhdmdihlodehllensluboedlobscdhldldswhbdtdlddddh</strong></span> <span class='ocrx_word' id='word_1_381' title='bbox 1798 3010 2175 3194; x_wconf 44' lang='lat' dir='ltr'><strong>hbenl&#39;ilsheldlhhhlphhll</strong></span> <span class='ocrx_word' id='word_1_382' title='bbox 2190 3008 2438 3185; x_wconf 49' lang='lat' dir='ltr'><strong>llglihullllddalffi</strong></span> <span class='ocrx_word' id='word_1_383' title='bbox 2468 3120 2473 3135; x_wconf 90' lang='lat'><strong>·</strong></span> 
     </span>
     <span class='ocr_line' id='line_1_29' title="bbox 440 3175 2437 3279; baseline -0.001 -31"><span class='ocrx_word' id='word_1_384' title='bbox 440 3186 522 3248; x_wconf 82' lang='lat' dir='ltr'><strong>runt.</strong></span> <span class='ocrx_word' id='word_1_385' title='bbox 562 3179 642 3247; x_wconf 89' lang='lat' dir='ltr'><strong>Nam</strong></span> <span class='ocrx_word' id='word_1_386' title='bbox 662 3180 797 3268; x_wconf 83' lang='lat' dir='ltr'><strong>lledejus</strong></span> <span class='ocrx_word' id='word_1_387' title='bbox 817 3181 888 3247; x_wconf 87' lang='lat' dir='ltr'><strong>Pet.</strong></span> <span class='ocrx_word' id='word_1_388' title='bbox 940 3180 996 3246; x_wconf 91' lang='lat' dir='ltr'><strong>ibr.</strong></span> <span class='ocrx_word' id='word_1_389' title='bbox 1018 3179 1060 3246; x_wconf 91' lang='lat' dir='ltr'><strong>ll.</strong></span> <span class='ocrx_word' id='word_1_390' title='bbox 1082 3201 1108 3245; x_wconf 91' lang='lat' dir='ltr'><strong>c.</strong></span> <span class='ocrx_word' id='word_1_391' title='bbox 1130 3176 1182 3249; x_wconf 76' lang='lat'><strong>76.</strong></span> <span class='ocrx_word' id='word_1_392' title='bbox 1203 3178 1231 3264; x_wconf 83' lang='lat'><strong>§.</strong></span> <span class='ocrx_word' id='word_1_393' title='bbox 1252 3175 1283 3245; x_wconf 81' lang='lat' dir='ltr'><strong>d.</strong></span> <span class='ocrx_word' id='word_1_394' title='bbox 1313 3175 1350 3244; x_wconf 92' lang='lat' dir='ltr'><strong>de</strong></span> <span class='ocrx_word' id='word_1_395' title='bbox 1371 3200 1407 3244; x_wconf 89' lang='lat' dir='ltr'><strong>eo</strong></span> <span class='ocrx_word' id='word_1_396' title='bbox 1429 3179 1548 3244; x_wconf 82' lang='lat' dir='ltr'><strong>scribit:</strong></span> <span class='ocrx_word' id='word_1_397' title='bbox 1580 3177 1663 3261; x_wconf 74' lang='lat' dir='ltr'><strong>„lim</strong></span> <span class='ocrx_word' id='word_1_398' title='bbox 1688 3188 1777 3277; x_wconf 76' lang='lat' dir='ltr'><strong>natus</strong></span> <span class='ocrx_word' id='word_1_399' title='bbox 1807 3179 2025 3276; x_wconf 85' lang='lat' dir='ltr'><strong>obscurissmiis</strong></span> <span class='ocrx_word' id='word_1_400' title='bbox 2054 3192 2148 3245; x_wconf 88' lang='lat' dir='ltr'><strong>mitiis</strong></span> <span class='ocrx_word' id='word_1_401' title='bbox 2174 3200 2278 3268; x_wconf 83' lang='lat' dir='ltr'><strong>parum</strong></span> <span class='ocrx_word' id='word_1_402' title='bbox 2303 3178 2437 3279; x_wconf 70' lang='lat' dir='ltr'><strong>babebat</strong></span> 
     </span>
     <span class='ocr_line' id='line_1_30' title="bbox 441 3260 2437 3382; baseline 0.001 -50"><span class='ocrx_word' id='word_1_403' title='bbox 441 3284 558 3366; x_wconf 71' lang='lat' dir='ltr'><strong>summa</strong></span> <span class='ocrx_word' id='word_1_404' title='bbox 576 3265 729 3366; x_wconf 73' lang='lat' dir='ltr'><strong>accepisse</strong></span> <span class='ocrx_word' id='word_1_405' title='bbox 749 3273 781 3332; x_wconf 90' lang='lat' dir='ltr'><strong>et</strong></span> <span class='ocrx_word' id='word_1_406' title='bbox 800 3266 957 3367; x_wconf 74' lang='lat' dir='ltr'><strong>proximus</strong></span> <span class='ocrx_word' id='word_1_407' title='bbox 975 3285 995 3331; x_wconf 85' lang='lat' dir='ltr'><strong>a</strong></span> <span class='ocrx_word' id='word_1_408' title='bbox 1015 3263 1073 3333; x_wconf 87' lang='lat' dir='ltr'><strong>Cn.</strong></span> <span class='ocrx_word' id='word_1_409' title='bbox 1094 3263 1239 3364; x_wconf 85' lang='lat' dir='ltr'><strong>Pompejo</strong></span> <span class='ocrx_word' id='word_1_410' title='bbox 1259 3264 1383 3353; x_wconf 89' lang='lat' dir='ltr'><strong>ipsoque</strong></span> <span class='ocrx_word' id='word_1_411' title='bbox 1405 3260 1542 3362; x_wconf 81' lang='lat' dir='ltr'><strong>Caesare</strong></span> <span class='ocrx_word' id='word_1_412' title='bbox 1566 3284 1605 3329; x_wconf 90' lang='lat' dir='ltr'><strong>eii</strong></span> <span class='ocrx_word' id='word_1_413' title='bbox 1621 3269 1758 3382; x_wconf 56' lang='lat' dir='ltr'><strong>‘pauestn</strong></span> <span class='ocrx_word' id='word_1_414' title='bbox 1783 3261 1888 3329; x_wconf 87' lang='lat' dir='ltr'><strong>ordine</strong></span> <span class='ocrx_word' id='word_1_415' title='bbox 1911 3263 2025 3363; x_wconf 57' lang='lat' dir='ltr'><strong>tonsol</strong></span> <span class='ocrx_word' id='word_1_416' title='bbox 2051 3274 2169 3330; x_wconf 81' lang='lat' dir='ltr'><strong>meatus</strong></span> <span class='ocrx_word' id='word_1_417' title='bbox 2199 3283 2285 3349; x_wconf 86' lang='lat' dir='ltr'><strong>esse,</strong></span> <span class='ocrx_word' id='word_1_418' title='bbox 2311 3284 2373 3371; x_wconf 88' lang='lat' dir='ltr'><strong>nisi</strong></span> <span class='ocrx_word' id='word_1_419' title='bbox 2387 3284 2437 3365; x_wconf 31' lang='lat' dir='ltr'><strong>‘iu</strong></span> 
     </span>
     <span class='ocr_line' id='line_1_31' title="bbox 440 3347 2437 3448; baseline 0 -32"><span class='ocrx_word' id='word_1_420' title='bbox 440 3347 474 3418; x_wconf 89' lang='lat' dir='ltr'><strong>id</strong></span> <span class='ocrx_word' id='word_1_421' title='bbox 493 3350 681 3417; x_wconf 83' lang='lat' dir='ltr'><strong>ascendisset</strong></span> <span class='ocrx_word' id='word_1_422' title='bbox 701 3373 719 3417; x_wconf 92' lang='lat' dir='ltr'><strong>e</strong></span> <span class='ocrx_word' id='word_1_423' title='bbox 741 3373 797 3439; x_wconf 89' lang='lat' dir='ltr'><strong>quo</strong></span> <span class='ocrx_word' id='word_1_424' title='bbox 818 3352 899 3417; x_wconf 86' lang='lat' dir='ltr'><strong>inira</strong></span> <span class='ocrx_word' id='word_1_425' title='bbox 919 3372 954 3417; x_wconf 89' lang='lat' dir='ltr'><strong>se</strong></span> <span class='ocrx_word' id='word_1_426' title='bbox 975 3356 1007 3416; x_wconf 90' lang='lat' dir='ltr'><strong>et</strong></span> <span class='ocrx_word' id='word_1_427' title='bbox 1024 3349 1186 3417; x_wconf 86' lang='lat' dir='ltr'><strong>Caesarem</strong></span> <span class='ocrx_word' id='word_1_428' title='bbox 1208 3348 1323 3414; x_wconf 85' lang='lat' dir='ltr'><strong>videret</strong></span> <span class='ocrx_word' id='word_1_429' title='bbox 1342 3347 1631 3447; x_wconf 71' lang='lat' dir='ltr'><strong>etltempubhcam</strong></span> <span class='ocrx_word' id='word_1_430' title='bbox 1652 3433 1659 3448; x_wconf 30' lang='grc' dir='ltr'>ι</span> <span class='ocrx_word' id='word_1_431' title='bbox 1683 3347 1957 3448; x_wconf 61' lang='grc' dir='ltr'><strong>Είιωηβιιοῐοωιιε</strong></span> <span class='ocrx_word' id='word_1_432' title='bbox 1975 3348 2070 3447; x_wconf 76' lang='lat' dir='ltr'><strong>inAu</strong></span> <span class='ocrx_word' id='word_1_433' title='bbox 2095 3396 2104 3415; x_wconf 97' lang='lat'><strong>.</strong></span> <span class='ocrx_word' id='word_1_434' title='bbox 2125 3371 2151 3414; x_wconf 89' lang='lat' dir='ltr'><strong>e.</strong></span> <span class='ocrx_word' id='word_1_435' title='bbox 2162 3347 2215 3416; x_wconf 83' lang='grc'><strong>66.</strong></span> <span class='ocrx_word' id='word_1_436' title='bbox 2238 3369 2367 3424; x_wconf 75' lang='lat' dir='ltr'><strong>eumer</strong></span> <span class='ocrx_word' id='word_1_437' title='bbox 2385 3371 2437 3416; x_wconf 85' lang='lat' dir='ltr'><strong>in·</strong></span> 
     </span>
     <span class='ocr_line' id='line_1_32' title="bbox 441 3431 2438 3586; baseline -0.003 -84"><span class='ocrx_word' id='word_1_438' title='bbox 441 3432 513 3502; x_wconf 81' lang='lat' dir='ltr'><strong>fimo</strong></span> <span class='ocrx_word' id='word_1_439' title='bbox 545 3436 681 3535; x_wconf 42' lang='lat' dir='ltr'><strong>fortuna·</strong></span> <span class='ocrx_word' id='word_1_440' title='bbox 696 3457 789 3585; x_wconf 74' lang='lat' dir='ltr'><strong>napae</strong></span> <span class='ocrx_word' id='word_1_441' title='bbox 809 3435 852 3540; x_wconf 69' lang='lat' dir='ltr'><strong>ad</strong></span> <span class='ocrx_word' id='word_1_442' title='bbox 875 3434 1069 3539; x_wconf 63' lang='lat' dir='ltr'><strong>&amp;insulamn</strong></span> <span class='ocrx_word' id='word_1_443' title='bbox 1097 3434 1135 3583; x_wconf 67' lang='lat' dir='ltr'><strong>hb</strong></span> <span class='ocrx_word' id='word_1_444' title='bbox 1155 3434 1296 3522; x_wconf 86' lang='lat' dir='ltr'><strong>Augusto</strong></span> <span class='ocrx_word' id='word_1_445' title='bbox 1321 3432 1809 3584; x_wconf 53' lang='lat' dir='ltr'><strong>pirplvecppppnppspaplinclipmetelicpi</strong></span> <span class='ocrx_word' id='word_1_446' title='bbox 1824 3431 2059 3584; x_wconf 48' lang='lat' dir='ltr'><strong>issmpplssipilpip.o</strong></span> <span class='ocrx_word' id='word_1_447' title='bbox 2089 3432 2205 3583; x_wconf 67' lang='lat' dir='ltr'><strong>dewhld</strong></span> <span class='ocrx_word' id='word_1_448' title='bbox 2225 3431 2438 3586; x_wconf 50' lang='lat' dir='ltr'><strong>chhllffi</strong></span> 
     </span>
     <span class='ocr_line' id='line_1_33' title="bbox 440 3515 2437 3702; baseline 0 -32"><span class='ocrx_word' id='word_1_449' title='bbox 440 3515 1492 3694; x_wconf 49' lang='lat' dir='ltr'><strong>tuumadhlclhludflliiagniatddlddihthhdtbnddnlegdltlhhlliroPublicius</strong></span> <span class='ocrx_word' id='word_1_450' title='bbox 1514 3602 1553 3668; x_wconf 90' lang='lat' dir='ltr'><strong>ed</strong></span> <span class='ocrx_word' id='word_1_451' title='bbox 1575 3603 1603 3668; x_wconf 96' lang='lat' dir='ltr'><strong>li.</strong></span> <span class='ocrx_word' id='word_1_452' title='bbox 1625 3602 1647 3670; x_wconf 93' lang='lat' dir='ltr'><strong>l.</strong></span> <span class='ocrx_word' id='word_1_453' title='bbox 1667 3603 1707 3669; x_wconf 91' lang='lat' dir='ltr'><strong>N.</strong></span> <span class='ocrx_word' id='word_1_454' title='bbox 1730 3538 1892 3701; x_wconf 49' lang='lat' dir='ltr'><strong>lttlvnl.</strong></span> <span class='ocrx_word' id='word_1_455' title='bbox 1915 3601 1953 3670; x_wconf 87' lang='lat' dir='ltr'><strong>V.</strong></span> <span class='ocrx_word' id='word_1_456' title='bbox 1976 3622 2004 3691; x_wconf 93' lang='lat' dir='ltr'><strong>p.</strong></span> <span class='ocrx_word' id='word_1_457' title='bbox 2026 3541 2167 3701; x_wconf 64' lang='grc' dir='ltr'><strong>559.ΒὲΙ</strong></span> <span class='ocrx_word' id='word_1_458' title='bbox 2194 3537 2437 3702; x_wconf 60' lang='grc' dir='ltr'><strong>199111αὲ111-</strong></span> 
     </span>
     <span class='ocr_line' id='line_1_34' title="bbox 441 3685 2438 3788; baseline -0.001 -33"><span class='ocrx_word' id='word_1_459' title='bbox 441 3685 535 3754; x_wconf 89' lang='lat' dir='ltr'><strong>ditum</strong></span> <span class='ocrx_word' id='word_1_460' title='bbox 554 3689 697 3778; x_wconf 89' lang='lat' dir='ltr'><strong>legimns,</strong></span> <span class='ocrx_word' id='word_1_461' title='bbox 728 3711 786 3778; x_wconf 87' lang='lat' dir='ltr'><strong>quo</strong></span> <span class='ocrx_word' id='word_1_462' title='bbox 807 3698 940 3780; x_wconf 89' lang='lat' dir='ltr'><strong>tempore</strong></span> <span class='ocrx_word' id='word_1_463' title='bbox 969 3710 1063 3776; x_wconf 87' lang='lat' dir='ltr'><strong>quave</strong></span> <span class='ocrx_word' id='word_1_464' title='bbox 1083 3688 1240 3788; x_wconf 78' lang='lat' dir='ltr'><strong>occasione</strong></span> <span class='ocrx_word' id='word_1_465' title='bbox 1261 3687 1311 3787; x_wconf 79' lang='lat' dir='ltr'><strong>Au</strong></span> <span class='ocrx_word' id='word_1_466' title='bbox 1353 3697 1401 3754; x_wconf 90' lang='lat' dir='ltr'><strong>sto</strong></span> <span class='ocrx_word' id='word_1_467' title='bbox 1428 3686 1612 3787; x_wconf 75' lang='lat' dir='ltr'><strong>adolescenti</strong></span> <span class='ocrx_word' id='word_1_468' title='bbox 1633 3688 1797 3754; x_wconf 86' lang='lat' dir='ltr'><strong>innotuerit</strong></span> <span class='ocrx_word' id='word_1_469' title='bbox 1817 3710 1856 3786; x_wconf 38' lang='lat' dir='ltr'><strong>in·</strong></span> <span class='ocrx_word' id='word_1_470' title='bbox 1871 3689 1993 3786; x_wconf 79' lang='lat' dir='ltr'><strong>ejusque</strong></span> <span class='ocrx_word' id='word_1_471' title='bbox 2014 3687 2248 3752; x_wconf 79' lang='lat' dir='ltr'><strong>familiaritatem</strong></span> <span class='ocrx_word' id='word_1_472' title='bbox 2269 3708 2338 3785; x_wconf 69' lang='lat' dir='ltr'><strong>sese</strong></span> <span class='ocrx_word' id='word_1_473' title='bbox 2359 3688 2438 3754; x_wconf 87' lang='lat' dir='ltr'><strong>insi·</strong></span> 
     </span>
     <span class='ocr_line' id='line_1_35' title="bbox 441 3770 2438 3872; baseline -0.001 -32"><span class='ocrx_word' id='word_1_474' title='bbox 441 3773 587 3871; x_wconf 76' lang='lat' dir='ltr'><strong>upauerit.</strong></span> <span class='ocrx_word' id='word_1_475' title='bbox 629 3775 736 3862; x_wconf 82' lang='lat' dir='ltr'><strong>Neque</strong></span> <span class='ocrx_word' id='word_1_476' title='bbox 756 3777 789 3840; x_wconf 93' lang='lat' dir='ltr'><strong>in</strong></span> <span class='ocrx_word' id='word_1_477' title='bbox 810 3775 875 3861; x_wconf 83' lang='lat' dir='ltr'><strong>ejus</strong></span> <span class='ocrx_word' id='word_1_478' title='bbox 896 3774 958 3839; x_wconf 85' lang='lat' dir='ltr'><strong>vita</strong></span> <span class='ocrx_word' id='word_1_479' title='bbox 978 3773 1125 3872; x_wconf 77' lang='lat' dir='ltr'><strong>rebusque</strong></span> <span class='ocrx_word' id='word_1_480' title='bbox 1147 3780 1244 3871; x_wconf 77' lang='lat' dir='ltr'><strong>gestis</strong></span> <span class='ocrx_word' id='word_1_481' title='bbox 1266 3795 1313 3859; x_wconf 85' lang='lat' dir='ltr'><strong>qui</strong></span> <span class='ocrx_word' id='word_1_482' title='bbox 1355 3794 1420 3871; x_wconf 80' lang='lat' dir='ltr'><strong>uam</strong></span> <span class='ocrx_word' id='word_1_483' title='bbox 1443 3794 1627 3852; x_wconf 85' lang='lat' dir='ltr'><strong>invenimus,</strong></span> <span class='ocrx_word' id='word_1_484' title='bbox 1643 3794 1688 3870; x_wconf 32' lang='lat' dir='ltr'><strong>‘ex</strong></span> <span class='ocrx_word' id='word_1_485' title='bbox 1728 3794 1772 3870; x_wconf 36' lang='lat' dir='ltr'><strong>no.</strong></span> <span class='ocrx_word' id='word_1_486' title='bbox 1789 3771 1891 3871; x_wconf 79' lang='lat' dir='ltr'><strong>colligi</strong></span> <span class='ocrx_word' id='word_1_487' title='bbox 1913 3779 2024 3860; x_wconf 88' lang='lat' dir='ltr'><strong>possit,</strong></span> <span class='ocrx_word' id='word_1_488' title='bbox 2046 3771 2173 3871; x_wconf 75' lang='lat' dir='ltr'><strong>alterum</strong></span> <span class='ocrx_word' id='word_1_489' title='bbox 2195 3770 2283 3872; x_wconf 81' lang='lat' dir='ltr'><strong>alten</strong></span> <span class='ocrx_word' id='word_1_490' title='bbox 2304 3791 2438 3840; x_wconf 87' lang='lat' dir='ltr'><strong>commu-</strong></span> 
     </span>
     <span class='ocr_line' id='line_1_36' title="bbox 441 3794 2438 3957; baseline 0.001 -35"><span class='ocrx_word' id='word_1_491' title='bbox 441 3857 530 3924; x_wconf 89' lang='lat' dir='ltr'><strong>mbns</strong></span> <span class='ocrx_word' id='word_1_492' title='bbox 550 3858 718 3925; x_wconf 90' lang='lat' dir='ltr'><strong>litterarum</strong></span> <span class='ocrx_word' id='word_1_493' title='bbox 735 3859 841 3926; x_wconf 90' lang='lat' dir='ltr'><strong>stodiis</strong></span> <span class='ocrx_word' id='word_1_494' title='bbox 852 3859 970 3925; x_wconf 87' lang='lat' dir='ltr'><strong>Romae</strong></span> <span class='ocrx_word' id='word_1_495' title='bbox 991 3864 1178 3942; x_wconf 76' lang='lat' dir='ltr'><strong>conpunctum</strong></span> <span class='ocrx_word' id='word_1_496' title='bbox 1198 3858 1302 3956; x_wconf 75' lang='lat' dir='ltr'><strong>fuisse.</strong></span> <span class='ocrx_word' id='word_1_497' title='bbox 1335 3795 1447 3955; x_wconf 72' lang='lat' dir='ltr'><strong>bibile</strong></span> <span class='ocrx_word' id='word_1_498' title='bbox 1470 3865 1568 3921; x_wconf 86' lang='lat' dir='ltr'><strong>tamen</strong></span> <span class='ocrx_word' id='word_1_499' title='bbox 1589 3878 1688 3955; x_wconf 72' lang='lat' dir='ltr'><strong>secius</strong></span> <span class='ocrx_word' id='word_1_500' title='bbox 1707 3794 1834 3955; x_wconf 79' lang='lat' dir='ltr'><strong>dubitari</strong></span> <span class='ocrx_word' id='word_1_501' title='bbox 1856 3879 1905 3922; x_wconf 82' lang='lat' dir='ltr'><strong>vix</strong></span> <span class='ocrx_word' id='word_1_502' title='bbox 1948 3865 2028 3955; x_wconf 74' lang='lat' dir='ltr'><strong>otest</strong></span> <span class='ocrx_word' id='word_1_503' title='bbox 2048 3879 2124 3956; x_wconf 39' lang='lat' dir='ltr'><strong>quin·</strong></span> <span class='ocrx_word' id='word_1_504' title='bbox 2141 3864 2201 3921; x_wconf 91' lang='lat' dir='ltr'><strong>tam</strong></span> <span class='ocrx_word' id='word_1_505' title='bbox 2221 3855 2342 3957; x_wconf 76' lang='lat' dir='ltr'><strong>intimae</strong></span> <span class='ocrx_word' id='word_1_506' title='bbox 2362 3877 2438 3956; x_wconf 78' lang='lat' dir='ltr'><strong>cou-</strong></span> 
     </span>
     <span class='ocr_line' id='line_1_37' title="bbox 443 3937 2438 4043; baseline -0.001 -35"><span class='ocrx_word' id='word_1_507' title='bbox 443 3937 565 4041; x_wconf 75' lang='lat' dir='ltr'><strong>ditiouis</strong></span> <span class='ocrx_word' id='word_1_508' title='bbox 586 3965 621 4010; x_wconf 88' lang='lat' dir='ltr'><strong>ac</strong></span> <span class='ocrx_word' id='word_1_509' title='bbox 640 3945 781 4010; x_wconf 81' lang='lat' dir='ltr'><strong>torturae</strong></span> <span class='ocrx_word' id='word_1_510' title='bbox 800 3941 993 4043; x_wconf 80' lang='lat' dir='ltr'><strong>adolescens,</strong></span> <span class='ocrx_word' id='word_1_511' title='bbox 1020 3940 1136 4027; x_wconf 87' lang='lat' dir='ltr'><strong>qualem</strong></span> <span class='ocrx_word' id='word_1_512' title='bbox 1157 3940 1361 4039; x_wconf 81' lang='lat' dir='ltr'><strong>Salvidienum</strong></span> <span class='ocrx_word' id='word_1_513' title='bbox 1382 3941 1476 4007; x_wconf 89' lang='lat' dir='ltr'><strong>luisse</strong></span> <span class='ocrx_word' id='word_1_514' title='bbox 1498 3961 1681 4028; x_wconf 87' lang='lat' dir='ltr'><strong>accepimus,</strong></span> <span class='ocrx_word' id='word_1_515' title='bbox 1707 3939 1790 4007; x_wconf 87' lang='lat' dir='ltr'><strong>Julio</strong></span> <span class='ocrx_word' id='word_1_516' title='bbox 1805 3940 1940 4038; x_wconf 28' lang='lat' dir='ltr'><strong>‘Caesari</strong></span> <span class='ocrx_word' id='word_1_517' title='bbox 1967 3942 2182 4028; x_wconf 85' lang='lat' dir='ltr'><strong>insignioribus</strong></span> <span class='ocrx_word' id='word_1_518' title='bbox 2201 3939 2352 4040; x_wconf 74' lang='lat' dir='ltr'><strong>aliquibus</strong></span> <span class='ocrx_word' id='word_1_519' title='bbox 2373 3959 2438 4040; x_wconf 70' lang='lat' dir='ltr'><strong>rpr-</strong></span> 
     </span>
     <span class='ocr_line' id='line_1_38' title="bbox 443 4023 2450 4209; baseline 0.001 -33"><span class='ocrx_word' id='word_1_520' title='bbox 443 4023 2340 4209; x_wconf 55' lang='lat' dir='ltr'><strong>lili.tathtltht?illlata?latitatlilthll“tlatthtlhttttitilletltili:</strong></span> <span class='ocrx_word' id='word_1_521' title='bbox 2359 4025 2450 4178; x_wconf 66' lang='lat' dir='ltr'><strong>ita</strong></span> 
     </span>
     <span class='ocr_line' id='line_1_39' title="bbox 474 4191 2439 4284; baseline 0.001 -22"><span class='ocrx_word' id='word_1_522' title='bbox 474 4193 482 4209; x_wconf 84' lang='lat'><strong><em>‘</em></strong></span> <span class='ocrx_word' id='word_1_523' title='bbox 503 4217 531 4264; x_wconf 92' lang='lat' dir='ltr'><strong>r.</strong></span> <span class='ocrx_word' id='word_1_524' title='bbox 549 4195 594 4264; x_wconf 90' lang='lat' dir='ltr'><strong>ll.</strong></span> <span class='ocrx_word' id='word_1_525' title='bbox 614 4218 641 4263; x_wconf 92' lang='lat' dir='ltr'><strong>c.</strong></span> <span class='ocrx_word' id='word_1_526' title='bbox 661 4195 714 4265; x_wconf 88' lang='grc'><strong>59.</strong></span> <span class='ocrx_word' id='word_1_527' title='bbox 735 4196 763 4283; x_wconf 84' lang='lat'><strong>§.</strong></span> <span class='ocrx_word' id='word_1_528' title='bbox 784 4194 832 4281; x_wconf 82' lang='grc'><strong>5.,</strong></span> <span class='ocrx_word' id='word_1_529' title='bbox 853 4213 904 4284; x_wconf 86' lang='lat' dir='ltr'><strong>qur</strong></span> <span class='ocrx_word' id='word_1_530' title='bbox 922 4195 1037 4278; x_wconf 80' lang='lat' dir='ltr'><strong>relect,</strong></span> <span class='ocrx_word' id='word_1_531' title='bbox 1064 4191 1270 4262; x_wconf 84' lang='lat' dir='ltr'><strong>Saluidienum</strong></span> <span class='ocrx_word' id='word_1_532' title='bbox 1291 4215 1356 4262; x_wconf 90' lang='lat' dir='ltr'><strong>cum</strong></span> <span class='ocrx_word' id='word_1_533' title='bbox 1375 4191 1532 4284; x_wconf 82' lang='lat' dir='ltr'><strong>Agrippa.</strong></span> <span class='ocrx_word' id='word_1_534' title='bbox 1559 4201 1698 4260; x_wconf 85' lang='lat' dir='ltr'><strong>nuntiata</strong></span> <span class='ocrx_word' id='word_1_535' title='bbox 1725 4194 1892 4260; x_wconf 86' lang='lat' dir='ltr'><strong>Dictatoris</strong></span> <span class='ocrx_word' id='word_1_536' title='bbox 1921 4193 2028 4279; x_wconf 85' lang='lat' dir='ltr'><strong>caede,</strong></span> <span class='ocrx_word' id='word_1_537' title='bbox 2054 4194 2200 4284; x_wconf 82' lang='lat' dir='ltr'><strong>Augusto</strong></span> <span class='ocrx_word' id='word_1_538' title='bbox 2219 4214 2368 4277; x_wconf 75' lang='lat' dir='ltr'><strong>suasum,</strong></span> <span class='ocrx_word' id='word_1_539' title='bbox 2401 4204 2439 4263; x_wconf 81' lang='lat' dir='ltr'><strong>iit</strong></span> 
     </span>
    </p>
   </div>
   <div class='ocr_carea' id='block_1_7' title="bbox 430 4441 2488 5555">
    <p class='ocr_par' dir='ltr' id='par_1_8' title="bbox 442 4441 2488 5077">
     <span class='ocr_line' id='line_1_40' title="bbox 508 4441 2440 4537; baseline 0.002 -19"><span class='ocrx_word' id='word_1_540' title='bbox 508 4461 542 4534; x_wconf 80' lang='grc'><strong>0)</strong></span> <span class='ocrx_word' id='word_1_541' title='bbox 556 4464 657 4519; x_wconf 82' lang='lat' dir='ltr'><strong>Nescio</strong></span> <span class='ocrx_word' id='word_1_542' title='bbox 674 4481 710 4519; x_wconf 86' lang='lat' dir='ltr'><strong>an</strong></span> <span class='ocrx_word' id='word_1_543' title='bbox 724 4465 869 4535; x_wconf 64' lang='lat' dir='ltr'><strong>widqueri</strong></span> <span class='ocrx_word' id='word_1_544' title='bbox 883 4465 978 4534; x_wconf 78' lang='lat' dir='ltr'><strong>colligi</strong></span> <span class='ocrx_word' id='word_1_545' title='bbox 993 4466 1080 4537; x_wconf 86' lang='lat' dir='ltr'><strong>possit</strong></span> <span class='ocrx_word' id='word_1_546' title='bbox 1094 4466 1129 4520; x_wconf 88' lang='lat' dir='ltr'><strong>de</strong></span> <span class='ocrx_word' id='word_1_547' title='bbox 1181 4465 1243 4521; x_wconf 88' lang='lat' dir='ltr'><strong>erili</strong></span> <span class='ocrx_word' id='word_1_548' title='bbox 1257 4465 1295 4522; x_wconf 86' lang='lat' dir='ltr'><strong>M.</strong></span> <span class='ocrx_word' id='word_1_549' title='bbox 1311 4465 1412 4535; x_wconf 81' lang='lat' dir='ltr'><strong>Agrip-</strong></span> <span class='ocrx_word' id='word_1_550' title='bbox 1461 4472 1562 4534; x_wconf 89' lang='lat' dir='ltr'><strong>torem,</strong></span> <span class='ocrx_word' id='word_1_551' title='bbox 1581 4464 1685 4520; x_wconf 86' lang='lat' dir='ltr'><strong>scilicet</strong></span> <span class='ocrx_word' id='word_1_552' title='bbox 1707 4464 1770 4535; x_wconf 88' lang='lat' dir='ltr'><strong>qnia</strong></span> <span class='ocrx_word' id='word_1_553' title='bbox 1786 4466 1820 4519; x_wconf 85' lang='lat' dir='ltr'><strong>de</strong></span> <span class='ocrx_word' id='word_1_554' title='bbox 1837 4465 1886 4519; x_wconf 87' lang='lat' dir='ltr'><strong>illa</strong></span> <span class='ocrx_word' id='word_1_555' title='bbox 1907 4465 2030 4521; x_wconf 63' lang='lat' dir='ltr'><strong>acuerit.</strong></span> <span class='ocrx_word' id='word_1_556' title='bbox 2051 4447 2112 4534; x_wconf 73' lang='lat' dir='ltr'><strong>At,</strong></span> <span class='ocrx_word' id='word_1_557' title='bbox 2133 4471 2165 4522; x_wconf 93' lang='lat' dir='ltr'><strong>nt</strong></span> <span class='ocrx_word' id='word_1_558' title='bbox 2179 4441 2242 4522; x_wconf 73' lang='lat' dir='ltr'><strong>ines</strong></span> <span class='ocrx_word' id='word_1_559' title='bbox 2260 4465 2316 4521; x_wconf 81' lang='lat' dir='ltr'><strong>ieet</strong></span> <span class='ocrx_word' id='word_1_560' title='bbox 2331 4461 2440 4536; x_wconf 77' lang='lat' dir='ltr'><strong>opinio,</strong></span> 
     </span>
     <span class='ocr_line' id='line_1_41' title="bbox 443 4481 2439 4613; baseline 0.002 -27"><span class='ocrx_word' id='word_1_561' title='bbox 443 4546 496 4601; x_wconf 79' lang='lat' dir='ltr'><strong>pse</strong></span> <span class='ocrx_word' id='word_1_562' title='bbox 514 4532 675 4586; x_wconf 71' lang='lat' dir='ltr'><strong>edumtioiie</strong></span> <span class='ocrx_word' id='word_1_563' title='bbox 694 4534 804 4603; x_wconf 82' lang='lat' dir='ltr'><strong>ejusque</strong></span> <span class='ocrx_word' id='word_1_564' title='bbox 826 4535 932 4589; x_wconf 87' lang='lat' dir='ltr'><strong>ratione</strong></span> <span class='ocrx_word' id='word_1_565' title='bbox 958 4551 994 4588; x_wconf 88' lang='lat' dir='ltr'><strong>ex</strong></span> <span class='ocrx_word' id='word_1_566' title='bbox 1016 4534 1105 4588; x_wconf 82' lang='lat' dir='ltr'><strong>verbis</strong></span> <span class='ocrx_word' id='word_1_567' title='bbox 1126 4481 1248 4602; x_wconf 67' lang='lat' dir='ltr'><strong>aldum,</strong></span> <span class='ocrx_word' id='word_1_568' title='bbox 1271 4533 1317 4613; x_wconf 88' lang='lat' dir='ltr'><strong>qui</strong></span> <span class='ocrx_word' id='word_1_569' title='bbox 1343 4550 1411 4587; x_wconf 87' lang='lat' dir='ltr'><strong>nnus</strong></span> <span class='ocrx_word' id='word_1_570' title='bbox 1460 4534 1535 4588; x_wconf 83' lang='lat' dir='ltr'><strong>alind</strong></span> <span class='ocrx_word' id='word_1_571' title='bbox 1551 4539 1593 4587; x_wconf 89' lang='lat' dir='ltr'><strong>est</strong></span> <span class='ocrx_word' id='word_1_572' title='bbox 1610 4536 1693 4588; x_wconf 81' lang='lat' dir='ltr'><strong>honae</strong></span> <span class='ocrx_word' id='word_1_573' title='bbox 1710 4541 1782 4588; x_wconf 85' lang='lat' dir='ltr'><strong>artes</strong></span> <span class='ocrx_word' id='word_1_574' title='bbox 1798 4535 1953 4603; x_wconf 83' lang='lat' dir='ltr'><strong>litterasque</strong></span> <span class='ocrx_word' id='word_1_575' title='bbox 1970 4551 2058 4604; x_wconf 89' lang='lat' dir='ltr'><strong>nosse,</strong></span> <span class='ocrx_word' id='word_1_576' title='bbox 2075 4535 2150 4590; x_wconf 87' lang='lat' dir='ltr'><strong>aliud</strong></span> <span class='ocrx_word' id='word_1_577' title='bbox 2166 4550 2213 4590; x_wconf 82' lang='lat' dir='ltr'><strong>ees</strong></span> <span class='ocrx_word' id='word_1_578' title='bbox 2229 4551 2322 4596; x_wconf 74' lang='lat' dir='ltr'><strong>emere</strong></span> <span class='ocrx_word' id='word_1_579' title='bbox 2337 4539 2367 4590; x_wconf 80' lang='lat' dir='ltr'><strong>et</strong></span> <span class='ocrx_word' id='word_1_580' title='bbox 2380 4549 2439 4605; x_wconf 76' lang='lat' dir='ltr'><strong>pro</strong></span> 
     </span>
     <span class='ocr_line' id='line_1_42' title="bbox 444 4595 1936 4672; baseline 0.003 -19"><span class='ocrx_word' id='word_1_581' title='bbox 444 4595 560 4654; x_wconf 86' lang='lat' dir='ltr'><strong>omniurn</strong></span> <span class='ocrx_word' id='word_1_582' title='bbox 575 4601 627 4654; x_wconf 83' lang='lat' dir='ltr'><strong>scri</strong></span> <span class='ocrx_word' id='word_1_583' title='bbox 647 4606 734 4655; x_wconf 87' lang='lat' dir='ltr'><strong>torum</strong></span> <span class='ocrx_word' id='word_1_584' title='bbox 749 4607 861 4656; x_wconf 84' lang='lat' dir='ltr'><strong>matrem</strong></span> <span class='ocrx_word' id='word_1_585' title='bbox 876 4603 933 4670; x_wconf 82' lang='lat' dir='ltr'><strong>ejus</strong></span> <span class='ocrx_word' id='word_1_586' title='bbox 949 4609 1079 4656; x_wconf 85' lang='lat' dir='ltr'><strong>memorat</strong></span> <span class='ocrx_word' id='word_1_587' title='bbox 1087 4603 1239 4657; x_wconf 85' lang='lat' dir='ltr'><strong>Astronom.</strong></span> <span class='ocrx_word' id='word_1_588' title='bbox 1256 4603 1330 4656; x_wconf 87' lang='lat' dir='ltr'><strong>Libr.</strong></span> <span class='ocrx_word' id='word_1_589' title='bbox 1347 4603 1368 4654; x_wconf 91' lang='lat'><strong>1.</strong></span> <span class='ocrx_word' id='word_1_590' title='bbox 1384 4618 1411 4656; x_wconf 86' lang='lat' dir='ltr'><strong>v.</strong></span> <span class='ocrx_word' id='word_1_591' title='bbox 1460 4608 1537 4672; x_wconf 86' lang='lat' dir='ltr'><strong>parte</strong></span> <span class='ocrx_word' id='word_1_592' title='bbox 1554 4602 1625 4656; x_wconf 82' lang='lat' dir='ltr'><strong>uirili</strong></span> <span class='ocrx_word' id='word_1_593' title='bbox 1637 4601 1745 4670; x_wconf 84' lang='lat' dir='ltr'><strong>juvare!</strong></span> <span class='ocrx_word' id='word_1_594' title='bbox 1934 4645 1936 4649; x_wconf 85' lang='lat'><strong>.</strong></span> 
     </span>
     <span class='ocr_line' id='line_1_43' title="bbox 442 4665 2166 4740; baseline 0 -17"><span class='ocrx_word' id='word_1_595' title='bbox 442 4665 518 4723; x_wconf 65' lang='lat' dir='ltr'><strong>tots</strong></span> <span class='ocrx_word' id='word_1_596' title='bbox 533 4668 766 4737; x_wconf 71' lang='lat' dir='ltr'><strong>„Manisqueeut</strong></span> <span class='ocrx_word' id='word_1_597' title='bbox 778 4671 863 4722; x_wconf 76' lang='lat' dir='ltr'><strong>uenite</strong></span> <span class='ocrx_word' id='word_1_598' title='bbox 872 4670 986 4723; x_wconf 78' lang='lat' dir='ltr'><strong>MilesA</strong></span> <span class='ocrx_word' id='word_1_599' title='bbox 1002 4671 1082 4738; x_wconf 80' lang='lat' dir='ltr'><strong>rippa</strong></span> <span class='ocrx_word' id='word_1_600' title='bbox 1093 4667 1193 4724; x_wconf 71' lang='lat' dir='ltr'><strong>sme:“</strong></span> <span class='ocrx_word' id='word_1_601' title='bbox 1209 4669 1255 4740; x_wconf 87' lang='lat' dir='ltr'><strong>qui</strong></span> <span class='ocrx_word' id='word_1_602' title='bbox 1265 4672 1338 4722; x_wconf 91' lang='lat' dir='ltr'><strong>locus</strong></span> <span class='ocrx_word' id='word_1_603' title='bbox 1349 4683 1411 4740; x_wconf 86' lang='lat' dir='ltr'><strong>per·</strong></span> <span class='ocrx_word' id='word_1_604' title='bbox 2155 4674 2166 4694; x_wconf 79' lang='lat'>⁸</span> 
     </span>
     <span class='ocr_line' id='line_1_44' title="bbox 443 4686 2440 4813; baseline 0.002 -24"><span class='ocrx_word' id='word_1_605' title='bbox 443 4735 585 4802; x_wconf 55' lang='lat' dir='ltr'><strong>obscurum</strong></span> <span class='ocrx_word' id='word_1_606' title='bbox 606 4741 747 4806; x_wconf 87' lang='lat' dir='ltr'><strong>utcumque</strong></span> <span class='ocrx_word' id='word_1_607' title='bbox 767 4737 866 4804; x_wconf 77' lang='lat' dir='ltr'><strong>legitur</strong></span> <span class='ocrx_word' id='word_1_608' title='bbox 887 4742 916 4792; x_wconf 88' lang='lat' dir='ltr'><strong>et</strong></span> <span class='ocrx_word' id='word_1_609' title='bbox 930 4686 1090 4806; x_wconf 66' lang='lat' dir='ltr'><strong>explicetur,</strong></span> <span class='ocrx_word' id='word_1_610' title='bbox 1112 4753 1163 4791; x_wconf 90' lang='lat' dir='ltr'><strong>nos</strong></span> <span class='ocrx_word' id='word_1_611' title='bbox 1185 4743 1259 4791; x_wconf 88' lang='lat' dir='ltr'><strong>certe</strong></span> <span class='ocrx_word' id='word_1_612' title='bbox 1280 4742 1355 4791; x_wconf 82' lang='lat' dir='ltr'><strong>vetat</strong></span> <span class='ocrx_word' id='word_1_613' title='bbox 1377 4738 1413 4790; x_wconf 88' lang='lat' dir='ltr'><strong>de</strong></span> <span class='ocrx_word' id='word_1_614' title='bbox 1528 4735 1557 4803; x_wconf 81' lang='grc'><strong>8)</strong></span> <span class='ocrx_word' id='word_1_615' title='bbox 1574 4735 1788 4790; x_wconf 74' lang='lat' dir='ltr'><strong>Saluidienum</strong></span> <span class='ocrx_word' id='word_1_616' title='bbox 1809 4752 1887 4790; x_wconf 88' lang='lat' dir='ltr'><strong>nemo</strong></span> <span class='ocrx_word' id='word_1_617' title='bbox 1909 4742 1972 4790; x_wconf 84' lang='lat' dir='ltr'><strong>ente</strong></span> <span class='ocrx_word' id='word_1_618' title='bbox 1993 4734 2064 4791; x_wconf 88' lang='lat' dir='ltr'><strong>bunc</strong></span> <span class='ocrx_word' id='word_1_619' title='bbox 2082 4737 2196 4813; x_wconf 79' lang='lat' dir='ltr'><strong>Augusti</strong></span> <span class='ocrx_word' id='word_1_620' title='bbox 2217 4736 2440 4792; x_wconf 70' lang='lat' dir='ltr'><strong>ecumberiisierii</strong></span> 
     </span>
     <span class='ocr_line' id='line_1_45' title="bbox 443 4802 2488 4875; baseline 0.002 -19"><span class='ocrx_word' id='word_1_621' title='bbox 443 4804 520 4857; x_wconf 82' lang='lat' dir='ltr'><strong>nielli</strong></span> <span class='ocrx_word' id='word_1_622' title='bbox 535 4810 564 4857; x_wconf 89' lang='lat' dir='ltr'><strong>et</strong></span> <span class='ocrx_word' id='word_1_623' title='bbox 578 4804 683 4857; x_wconf 80' lang='lat' dir='ltr'><strong>urbana</strong></span> <span class='ocrx_word' id='word_1_624' title='bbox 700 4803 820 4870; x_wconf 83' lang='lat' dir='ltr'><strong>cogitare</strong></span> <span class='ocrx_word' id='word_1_625' title='bbox 841 4805 1007 4859; x_wconf 82' lang='lat' dir='ltr'><strong>educatione.</strong></span> <span class='ocrx_word' id='word_1_626' title='bbox 1041 4806 1107 4859; x_wconf 81' lang='lat' dir='ltr'><strong>lirst</strong></span> <span class='ocrx_word' id='word_1_627' title='bbox 1128 4806 1203 4859; x_wconf 82' lang='lat' dir='ltr'><strong>miles</strong></span> <span class='ocrx_word' id='word_1_628' title='bbox 1223 4805 1360 4873; x_wconf 67' lang='lat' dir='ltr'><strong>Agrippa,</strong></span> <span class='ocrx_word' id='word_1_629' title='bbox 1382 4810 1414 4858; x_wconf 84' lang='lat' dir='ltr'><strong>ut</strong></span> <span class='ocrx_word' id='word_1_630' title='bbox 1460 4802 1491 4858; x_wconf 87' lang='lat' dir='ltr'><strong>iri</strong></span> <span class='ocrx_word' id='word_1_631' title='bbox 1512 4802 1641 4858; x_wconf 79' lang='lat' dir='ltr'><strong>historiae</strong></span> <span class='ocrx_word' id='word_1_632' title='bbox 1662 4806 1799 4858; x_wconf 83' lang='lat' dir='ltr'><strong>Roniense</strong></span> <span class='ocrx_word' id='word_1_633' title='bbox 1821 4804 1997 4859; x_wconf 83' lang='lat' dir='ltr'><strong>monumentis</strong></span> <span class='ocrx_word' id='word_1_634' title='bbox 2025 4805 2167 4875; x_wconf 87' lang='lat' dir='ltr'><strong>reperitur.</strong></span> <span class='ocrx_word' id='word_1_635' title='bbox 2207 4806 2331 4874; x_wconf 73' lang='lat' dir='ltr'><strong>integro,</strong></span> <span class='ocrx_word' id='word_1_636' title='bbox 2360 4808 2438 4874; x_wconf 83' lang='lat' dir='ltr'><strong>quod</strong></span> <span class='ocrx_word' id='word_1_637' title='bbox 2486 4813 2488 4818; x_wconf 88' lang='lat'>&#39;</span> 
     </span>
     <span class='ocr_line' id='line_1_46' title="bbox 443 4870 2441 4941; baseline 0.003 -17"><span class='ocrx_word' id='word_1_638' title='bbox 443 4870 535 4926; x_wconf 76' lang='lat' dir='ltr'><strong>verbis</strong></span> <span class='ocrx_word' id='word_1_639' title='bbox 550 4871 705 4926; x_wconf 84' lang='lat' dir='ltr'><strong>Horatianis</strong></span> <span class='ocrx_word' id='word_1_640' title='bbox 724 4872 800 4926; x_wconf 86' lang='lat' dir='ltr'><strong>Libr.</strong></span> <span class='ocrx_word' id='word_1_641' title='bbox 814 4873 860 4927; x_wconf 90' lang='lat' dir='ltr'><strong>lli.</strong></span> <span class='ocrx_word' id='word_1_642' title='bbox 876 4874 930 4928; x_wconf 92' lang='lat' dir='ltr'><strong>0d.</strong></span> <span class='ocrx_word' id='word_1_643' title='bbox 946 4874 973 4928; x_wconf 88' lang='lat' dir='ltr'><strong>e.</strong></span> <span class='ocrx_word' id='word_1_644' title='bbox 989 4888 1016 4927; x_wconf 79' lang='lat' dir='ltr'><strong>v.</strong></span> <span class='ocrx_word' id='word_1_645' title='bbox 1032 4873 1075 4927; x_wconf 79' lang='grc'><strong>97.</strong></span> <span class='ocrx_word' id='word_1_646' title='bbox 1091 4878 1166 4941; x_wconf 84' lang='lat' dir='ltr'><strong>utar,</strong></span> <span class='ocrx_word' id='word_1_647' title='bbox 1193 4889 1229 4927; x_wconf 79' lang='lat' dir='ltr'><strong>ex</strong></span> <span class='ocrx_word' id='word_1_648' title='bbox 1249 4873 1413 4926; x_wconf 74' lang='lat' dir='ltr'><strong>rusticorum</strong></span> <span class='ocrx_word' id='word_1_649' title='bbox 1482 4872 1556 4939; x_wconf 87' lang='lat' dir='ltr'><strong>osui,</strong></span> <span class='ocrx_word' id='word_1_650' title='bbox 1577 4872 1684 4928; x_wconf 88' lang='lat' dir='ltr'><strong>nomine</strong></span> <span class='ocrx_word' id='word_1_651' title='bbox 1705 4880 1867 4926; x_wconf 84' lang='lat' dir='ltr'><strong>memoratur</strong></span> <span class='ocrx_word' id='word_1_652' title='bbox 1889 4872 2010 4927; x_wconf 79' lang='lat' dir='ltr'><strong>altioris</strong></span> <span class='ocrx_word' id='word_1_653' title='bbox 2031 4874 2441 4930; x_wconf 74' lang='lat' dir='ltr'><strong>ciis.i.iur.xi.v1h.ela.</strong></span> 
     </span>
     <span class='ocr_line' id='line_1_47' title="bbox 442 4889 2440 5010; baseline 0.003 -18"><span class='ocrx_word' id='word_1_654' title='bbox 442 4939 563 4992; x_wconf 75' lang='lat' dir='ltr'><strong>meniu</strong></span> <span class='ocrx_word' id='word_1_655' title='bbox 578 4939 694 4992; x_wconf 80' lang='lat' dir='ltr'><strong>militem</strong></span> <span class='ocrx_word' id='word_1_656' title='bbox 709 4941 801 5007; x_wconf 64' lang='lat' dir='ltr'><strong>prole,</strong></span> <span class='ocrx_word' id='word_1_657' title='bbox 819 4933 932 4994; x_wconf 77' lang='lat' dir='ltr'><strong>Sabellis</strong></span> <span class='ocrx_word' id='word_1_658' title='bbox 948 4942 1027 4994; x_wconf 75' lang='lat' dir='ltr'><strong>acria</strong></span> <span class='ocrx_word' id='word_1_659' title='bbox 1047 4941 1178 5009; x_wconf 68' lang='lat' dir='ltr'><strong>ligonibus</strong></span> <span class='ocrx_word' id='word_1_660' title='bbox 1199 4956 1309 4995; x_wconf 64' lang='lat' dir='ltr'><strong>casare</strong></span> <span class='ocrx_word' id='word_1_661' title='bbox 1321 4939 1413 5010; x_wconf 76' lang='lat' dir='ltr'><strong>plebes</strong></span> <span class='ocrx_word' id='word_1_662' title='bbox 1461 4889 1629 4994; x_wconf 59' lang='lat' dir='ltr'><strong>hreenonien</strong></span> <span class='ocrx_word' id='word_1_663' title='bbox 1654 4939 1748 5004; x_wconf 72' lang='lat' dir='ltr'><strong>Quinti</strong></span> <span class='ocrx_word' id='word_1_664' title='bbox 1770 4939 1851 4993; x_wconf 85' lang='lat' dir='ltr'><strong>habet</strong></span> <span class='ocrx_word' id='word_1_665' title='bbox 1873 4941 1952 4994; x_wconf 83' lang='lat' dir='ltr'><strong>etiam</strong></span> <span class='ocrx_word' id='word_1_666' title='bbox 1973 4941 2046 4995; x_wconf 85' lang='lat' dir='ltr'><strong>Liuii</strong></span> <span class='ocrx_word' id='word_1_667' title='bbox 2068 4940 2140 5010; x_wconf 83' lang='lat' dir='ltr'><strong>Epit.</strong></span> <span class='ocrx_word' id='word_1_668' title='bbox 2155 4941 2214 4996; x_wconf 74' lang='lat'><strong>121.</strong></span> <span class='ocrx_word' id='word_1_669' title='bbox 2228 4943 2272 4996; x_wconf 86' lang='lat' dir='ltr'><strong>Ab</strong></span> <span class='ocrx_word' id='word_1_670' title='bbox 2289 4941 2350 4995; x_wconf 79' lang='lat' dir='ltr'><strong>allis</strong></span> <span class='ocrx_word' id='word_1_671' title='bbox 2366 4943 2440 4997; x_wconf 86' lang='lat' dir='ltr'><strong>scri·</strong></span> 
     </span>
     <span class='ocr_line' id='line_1_48' title="bbox 443 5007 2443 5077; baseline 0.003 -17"><span class='ocrx_word' id='word_1_672' title='bbox 443 5013 471 5060; x_wconf 88' lang='lat' dir='ltr'><strong>et</strong></span> <span class='ocrx_word' id='word_1_673' title='bbox 486 5022 595 5060; x_wconf 77' lang='lat' dir='ltr'><strong>seuerae</strong></span> <span class='ocrx_word' id='word_1_674' title='bbox 609 5009 707 5060; x_wconf 80' lang='lat' dir='ltr'><strong>matris</strong></span> <span class='ocrx_word' id='word_1_675' title='bbox 723 5009 759 5060; x_wconf 81' lang='lat' dir='ltr'><strong>ad</strong></span> <span class='ocrx_word' id='word_1_676' title='bbox 775 5007 918 5061; x_wconf 76' lang='lat' dir='ltr'><strong>arbitrium</strong></span> <span class='ocrx_word' id='word_1_677' title='bbox 933 5010 1035 5062; x_wconf 83' lang='lat' dir='ltr'><strong>recisos</strong></span> <span class='ocrx_word' id='word_1_678' title='bbox 1051 5016 1161 5077; x_wconf 77' lang='lat' dir='ltr'><strong>portare</strong></span> <span class='ocrx_word' id='word_1_679' title='bbox 1176 5010 1275 5077; x_wconf 74' lang='lat' dir='ltr'><strong>fustes.</strong></span> <span class='ocrx_word' id='word_1_680' title='bbox 1461 5008 1582 5077; x_wconf 88' lang='lat' dir='ltr'><strong>ptoribus</strong></span> <span class='ocrx_word' id='word_1_681' title='bbox 1599 5007 1679 5061; x_wconf 85' lang='lat' dir='ltr'><strong>solita</strong></span> <span class='ocrx_word' id='word_1_682' title='bbox 1693 5007 1828 5061; x_wconf 89' lang='lat' dir='ltr'><strong>neminum</strong></span> <span class='ocrx_word' id='word_1_683' title='bbox 1845 5014 1873 5061; x_wconf 90' lang='lat' dir='ltr'><strong>et</strong></span> <span class='ocrx_word' id='word_1_684' title='bbox 1887 5009 2074 5075; x_wconf 81' lang='lat' dir='ltr'><strong>cognominum</strong></span> <span class='ocrx_word' id='word_1_685' title='bbox 2090 5009 2247 5076; x_wconf 83' lang='lat' dir='ltr'><strong>trajectione</strong></span> <span class='ocrx_word' id='word_1_686' title='bbox 2259 5009 2355 5064; x_wconf 84' lang='lat' dir='ltr'><strong>dicitur</strong></span> <span class='ocrx_word' id='word_1_687' title='bbox 2364 5027 2443 5065; x_wconf 84' lang='lat' dir='ltr'><strong>nuuc</strong></span> 
     </span>
    </p>

    <p class='ocr_par' dir='ltr' id='par_1_9' title="bbox 443 5073 2442 5331">
     <span class='ocr_line' id='line_1_49' title="bbox 512 5073 2441 5146; baseline 0.003 -18"><span class='ocrx_word' id='word_1_688' title='bbox 512 5073 628 5141; x_wconf 84' lang='lat' dir='ltr'><strong>7)Sont</strong></span> <span class='ocrx_word' id='word_1_689' title='bbox 650 5077 736 5129; x_wconf 77' lang='lat' dir='ltr'><strong>uerba</strong></span> <span class='ocrx_word' id='word_1_690' title='bbox 758 5075 865 5128; x_wconf 82' lang='lat' dir='ltr'><strong>Horatii</strong></span> <span class='ocrx_word' id='word_1_691' title='bbox 884 5075 961 5130; x_wconf 88' lang='lat' dir='ltr'><strong>Libr.</strong></span> <span class='ocrx_word' id='word_1_692' title='bbox 982 5078 1002 5130; x_wconf 92' lang='lat' dir='ltr'><strong>l.</strong></span> <span class='ocrx_word' id='word_1_693' title='bbox 1025 5078 1070 5130; x_wconf 91' lang='lat' dir='ltr'><strong>od.</strong></span> <span class='ocrx_word' id='word_1_694' title='bbox 1086 5077 1127 5141; x_wconf 78' lang='lat' dir='ltr'><strong>o..</strong></span> <span class='ocrx_word' id='word_1_695' title='bbox 1148 5077 1177 5129; x_wconf 89' lang='lat' dir='ltr'><strong>iii</strong></span> <span class='ocrx_word' id='word_1_696' title='bbox 1200 5092 1253 5144; x_wconf 84' lang='lat' dir='ltr'><strong>qne</strong></span> <span class='ocrx_word' id='word_1_697' title='bbox 1273 5075 1340 5130; x_wconf 89' lang='lat' dir='ltr'><strong>nihil</strong></span> <span class='ocrx_word' id='word_1_698' title='bbox 1361 5074 1414 5130; x_wconf 89' lang='lat' dir='ltr'><strong>nisi</strong></span> <span class='ocrx_word' id='word_1_699' title='bbox 1462 5078 1555 5143; x_wconf 68' lang='lat' dir='ltr'><strong>Rufus</strong></span> <span class='ocrx_word' id='word_1_700' title='bbox 1571 5077 1758 5138; x_wconf 79' lang='lat' dir='ltr'><strong>Salvidienus,</strong></span> <span class='ocrx_word' id='word_1_701' title='bbox 1782 5091 1852 5129; x_wconf 89' lang='lat' dir='ltr'><strong>nunc</strong></span> <span class='ocrx_word' id='word_1_702' title='bbox 1872 5076 2028 5146; x_wconf 86' lang='lat' dir='ltr'><strong>simpliciter</strong></span> <span class='ocrx_word' id='word_1_703' title='bbox 2046 5078 2224 5130; x_wconf 75' lang='lat' dir='ltr'><strong>Salvidienus.</strong></span> <span class='ocrx_word' id='word_1_704' title='bbox 2257 5077 2291 5134; x_wconf 82' lang='lat'><strong>1..</strong></span> <span class='ocrx_word' id='word_1_705' title='bbox 2312 5079 2441 5146; x_wconf 73' lang='lat' dir='ltr'><strong>lisgerus</strong></span> 
     </span>
     <span class='ocr_line' id='line_1_50' title="bbox 444 5141 2441 5214; baseline 0.003 -20"><span class='ocrx_word' id='word_1_706' title='bbox 444 5141 544 5196; x_wconf 83' lang='lat' dir='ltr'><strong>bellica</strong></span> <span class='ocrx_word' id='word_1_707' title='bbox 557 5143 695 5212; x_wconf 80' lang='lat' dir='ltr'><strong>Agrippae</strong></span> <span class='ocrx_word' id='word_1_708' title='bbox 710 5142 795 5197; x_wconf 78' lang='lat' dir='ltr'><strong>virtus</strong></span> <span class='ocrx_word' id='word_1_709' title='bbox 811 5143 945 5210; x_wconf 78' lang='lat' dir='ltr'><strong>landatur,</strong></span> <span class='ocrx_word' id='word_1_710' title='bbox 961 5143 1010 5196; x_wconf 86' lang='lat' dir='ltr'><strong>sed</strong></span> <span class='ocrx_word' id='word_1_711' title='bbox 1025 5145 1166 5213; x_wconf 83' lang='lat' dir='ltr'><strong>splendide</strong></span> <span class='ocrx_word' id='word_1_712' title='bbox 1183 5150 1211 5197; x_wconf 88' lang='lat' dir='ltr'><strong>et</strong></span> <span class='ocrx_word' id='word_1_713' title='bbox 1227 5143 1315 5198; x_wconf 82' lang='lat' dir='ltr'><strong>animo</strong></span> <span class='ocrx_word' id='word_1_714' title='bbox 1331 5159 1415 5198; x_wconf 81' lang='lat' dir='ltr'><strong>verae</strong></span> <span class='ocrx_word' id='word_1_715' title='bbox 1461 5142 1491 5197; x_wconf 91' lang='lat' dir='ltr'><strong>iii</strong></span> <span class='ocrx_word' id='word_1_716' title='bbox 1507 5142 1591 5204; x_wconf 82' lang='lat' dir='ltr'><strong>Thes.</strong></span> <span class='ocrx_word' id='word_1_717' title='bbox 1607 5144 1760 5198; x_wconf 85' lang='lat' dir='ltr'><strong>Brondenh·</strong></span> <span class='ocrx_word' id='word_1_718' title='bbox 1778 5145 1857 5200; x_wconf 76' lang='lat' dir='ltr'><strong>ron.</strong></span> <span class='ocrx_word' id='word_1_719' title='bbox 1873 5145 1907 5198; x_wconf 86' lang='grc' dir='ltr'><strong>ΙΙ.</strong></span> <span class='ocrx_word' id='word_1_720' title='bbox 1923 5163 1950 5213; x_wconf 87' lang='lat' dir='ltr'><strong>p.</strong></span> <span class='ocrx_word' id='word_1_721' title='bbox 1965 5145 2026 5199; x_wconf 78' lang='grc'><strong>592.</strong></span> <span class='ocrx_word' id='word_1_722' title='bbox 2049 5160 2085 5198; x_wconf 83' lang='lat' dir='ltr'><strong>ex</strong></span> <span class='ocrx_word' id='word_1_723' title='bbox 2101 5161 2181 5199; x_wconf 89' lang='lat' dir='ltr'><strong>nume</strong></span> <span class='ocrx_word' id='word_1_724' title='bbox 2198 5145 2325 5210; x_wconf 68' lang='lat' dir='ltr'><strong>Grande</strong></span> <span class='ocrx_word' id='word_1_725' title='bbox 2340 5147 2441 5214; x_wconf 74' lang='lat' dir='ltr'><strong>Augu-</strong></span> 
     </span>
     <span class='ocr_line' id='line_1_51' title="bbox 443 5209 2442 5331; baseline 0.003 -68"><span class='ocrx_word' id='word_1_726' title='bbox 443 5209 627 5266; x_wconf 74' lang='lat' dir='ltr'><strong>ediiiirntionis</strong></span> <span class='ocrx_word' id='word_1_727' title='bbox 637 5211 732 5282; x_wconf 89' lang='lat' dir='ltr'><strong>plenel</strong></span> <span class='ocrx_word' id='word_1_728' title='bbox 749 5211 1167 5331; x_wconf 72' lang='lat' dir='ltr'><strong>Nondnmmeppenitetjudicii,</strong></span> <span class='ocrx_word' id='word_1_729' title='bbox 1183 5212 1414 5281; x_wconf 82' lang='lat' dir='ltr'><strong>quoddeAgrip-</strong></span> <span class='ocrx_word' id='word_1_730' title='bbox 1462 5210 1498 5265; x_wconf 90' lang='lat' dir='ltr'><strong>sti</strong></span> <span class='ocrx_word' id='word_1_731' title='bbox 1513 5212 1618 5280; x_wconf 81' lang='lat' dir='ltr'><strong>profert</strong></span> <span class='ocrx_word' id='word_1_732' title='bbox 1632 5213 1754 5266; x_wconf 64' lang='lat' dir='ltr'><strong>Mamm</strong></span> <span class='ocrx_word' id='word_1_733' title='bbox 1776 5210 1917 5281; x_wconf 83' lang='lat' dir='ltr'><strong>quemdem</strong></span> <span class='ocrx_word' id='word_1_734' title='bbox 1933 5218 1961 5266; x_wconf 89' lang='lat' dir='ltr'><strong>et</strong></span> <span class='ocrx_word' id='word_1_735' title='bbox 1980 5211 2064 5281; x_wconf 90' lang='lat' dir='ltr'><strong>bunc,</strong></span> <span class='ocrx_word' id='word_1_736' title='bbox 2088 5213 2123 5266; x_wconf 89' lang='lat' dir='ltr'><strong>de</strong></span> <span class='ocrx_word' id='word_1_737' title='bbox 2175 5214 2329 5282; x_wconf 58' lang='lat' dir='ltr'><strong>orfimae,</strong></span> <span class='ocrx_word' id='word_1_738' title='bbox 2344 5214 2442 5270; x_wconf 78' lang='lat' dir='ltr'><strong>Selii-</strong></span> 
     </span>
    </p>

    <p class='ocr_par' dir='ltr' id='par_1_10' title="bbox 430 5278 2441 5555">
     <span class='ocr_line' id='line_1_52' title="bbox 513 5278 2439 5349; baseline 0.004 -18"><span class='ocrx_word' id='word_1_739' title='bbox 513 5278 636 5336; x_wconf 78' lang='lat' dir='ltr'><strong>riechina</strong></span> <span class='ocrx_word' id='word_1_740' title='bbox 654 5279 710 5334; x_wconf 83' lang='lat' dir='ltr'><strong>ieci</strong></span> <span class='ocrx_word' id='word_1_741' title='bbox 724 5279 754 5334; x_wconf 93' lang='lat' dir='ltr'><strong>lii</strong></span> <span class='ocrx_word' id='word_1_742' title='bbox 770 5280 919 5334; x_wconf 83' lang='lat' dir='ltr'><strong>comment.</strong></span> <span class='ocrx_word' id='word_1_743' title='bbox 985 5278 1016 5343; x_wconf 78' lang='lat' dir='ltr'><strong>Q.</strong></span> <span class='ocrx_word' id='word_1_744' title='bbox 1032 5281 1144 5332; x_wconf 78' lang='lat' dir='ltr'><strong>Horatii</strong></span> <span class='ocrx_word' id='word_1_745' title='bbox 1158 5281 1201 5331; x_wconf 78' lang='lat' dir='ltr'><strong>id.</strong></span> <span class='ocrx_word' id='word_1_746' title='bbox 1219 5279 1414 5334; x_wconf 79' lang='lat' dir='ltr'><strong>obtrectatori-</strong></span> <span class='ocrx_word' id='word_1_747' title='bbox 1462 5278 1571 5334; x_wconf 88' lang='lat' dir='ltr'><strong>dienuin</strong></span> <span class='ocrx_word' id='word_1_748' title='bbox 1593 5295 1652 5333; x_wconf 83' lang='lat' dir='ltr'><strong>eree</strong></span> <span class='ocrx_word' id='word_1_749' title='bbox 1693 5285 1763 5349; x_wconf 84' lang='lat' dir='ltr'><strong>utet,</strong></span> <span class='ocrx_word' id='word_1_750' title='bbox 1786 5281 1821 5333; x_wconf 90' lang='lat' dir='ltr'><strong>de</strong></span> <span class='ocrx_word' id='word_1_751' title='bbox 1861 5295 1895 5333; x_wconf 92' lang='lat' dir='ltr'><strong>no</strong></span> <span class='ocrx_word' id='word_1_752' title='bbox 1918 5296 1973 5334; x_wconf 89' lang='lat' dir='ltr'><strong>non</strong></span> <span class='ocrx_word' id='word_1_753' title='bbox 1995 5278 2132 5349; x_wconf 76' lang='lat' dir='ltr'><strong>injuriari</strong></span> <span class='ocrx_word' id='word_1_754' title='bbox 2167 5281 2219 5336; x_wconf 79' lang='lat' dir='ltr'><strong>itat</strong></span> <span class='ocrx_word' id='word_1_755' title='bbox 2238 5282 2381 5336; x_wconf 72' lang='lat' dir='ltr'><strong>Fabricim</strong></span> <span class='ocrx_word' id='word_1_756' title='bbox 2399 5283 2439 5338; x_wconf 76' lang='lat' dir='ltr'><strong>eri</strong></span> 
     </span>
     <span class='ocr_line' id='line_1_53' title="bbox 430 5291 2441 5427; baseline -0.001 -21"><span class='ocrx_word' id='word_1_757' title='bbox 430 5291 497 5406; x_wconf 59' lang='lat' dir='ltr'><strong>,Ml</strong></span> <span class='ocrx_word' id='word_1_758' title='bbox 510 5344 539 5414; x_wconf 59' lang='grc' dir='ltr'><strong>ὁ.</strong></span> <span class='ocrx_word' id='word_1_759' title='bbox 554 5347 581 5403; x_wconf 90' lang='lat'><strong>1.</strong></span> <span class='ocrx_word' id='word_1_760' title='bbox 596 5345 686 5414; x_wconf 83' lang='lat' dir='ltr'><strong>(Poet.</strong></span> <span class='ocrx_word' id='word_1_761' title='bbox 702 5348 762 5402; x_wconf 77' lang='lat' dir='ltr'><strong>bet.</strong></span> <span class='ocrx_word' id='word_1_762' title='bbox 772 5347 833 5402; x_wconf 85' lang='lat' dir='ltr'><strong>Reli</strong></span> <span class='ocrx_word' id='word_1_763' title='bbox 852 5344 988 5416; x_wconf 62' lang='lat' dir='ltr'><strong>pera),</strong></span> <span class='ocrx_word' id='word_1_764' title='bbox 1003 5346 1413 5427; x_wconf 27' lang='lat' dir='ltr'><strong>licettdissentietFrandseniur</strong></span> <span class='ocrx_word' id='word_1_765' title='bbox 1461 5348 1556 5403; x_wconf 78' lang='lat' dir='ltr'><strong>Dionis</strong></span> <span class='ocrx_word' id='word_1_766' title='bbox 1572 5348 1592 5404; x_wconf 89' lang='grc'><strong>1.</strong></span> <span class='ocrx_word' id='word_1_767' title='bbox 1609 5364 1634 5403; x_wconf 88' lang='lat' dir='ltr'><strong>e.</strong></span> <span class='ocrx_word' id='word_1_768' title='bbox 1676 5346 1744 5403; x_wconf 61' lang='grc'><strong>,19</strong></span> <span class='ocrx_word' id='word_1_769' title='bbox 1758 5296 1864 5402; x_wconf 67' lang='lat' dir='ltr'><strong>Vehbl.</strong></span> <span class='ocrx_word' id='word_1_770' title='bbox 1880 5348 1971 5427; x_wconf 74' lang='lat' dir='ltr'><strong>poio.</strong></span> <span class='ocrx_word' id='word_1_771' title='bbox 1988 5350 2028 5403; x_wconf 83' lang='lat' dir='ltr'><strong>st.</strong></span> <span class='ocrx_word' id='word_1_772' title='bbox 2055 5349 2184 5403; x_wconf 78' lang='lat' dir='ltr'><strong>Formam</strong></span> <span class='ocrx_word' id='word_1_773' title='bbox 2199 5349 2315 5404; x_wconf 78' lang='lat' dir='ltr'><strong>nominis</strong></span> <span class='ocrx_word' id='word_1_774' title='bbox 2331 5350 2356 5405; x_wconf 86' lang='lat' dir='ltr'><strong>ei</strong></span> <span class='ocrx_word' id='word_1_775' title='bbox 2370 5365 2441 5420; x_wconf 80' lang='lat' dir='ltr'><strong>epe·</strong></span> 
     </span>
     <span class='ocr_line' id='line_1_54' title="bbox 444 5412 2440 5487; baseline 0.003 -19"><span class='ocrx_word' id='word_1_776' title='bbox 444 5427 474 5482; x_wconf 77' lang='lat' dir='ltr'><strong>p.</strong></span> <span class='ocrx_word' id='word_1_777' title='bbox 489 5412 542 5470; x_wconf 80' lang='lat' dir='ltr'><strong>isa</strong></span> <span class='ocrx_word' id='word_1_778' title='bbox 557 5430 597 5483; x_wconf 84' lang='lat' dir='ltr'><strong>iq.</strong></span> <span class='ocrx_word' id='word_1_779' title='bbox 611 5414 710 5482; x_wconf 83' lang='lat' dir='ltr'><strong>injuria</strong></span> <span class='ocrx_word' id='word_1_780' title='bbox 720 5417 832 5470; x_wconf 87' lang='lat' dir='ltr'><strong>Poetaui</strong></span> <span class='ocrx_word' id='word_1_781' title='bbox 865 5414 1004 5470; x_wconf 85' lang='lat' dir='ltr'><strong>enusiuum</strong></span> <span class='ocrx_word' id='word_1_782' title='bbox 1020 5416 1129 5485; x_wconf 88' lang='lat' dir='ltr'><strong>obhque</strong></span> <span class='ocrx_word' id='word_1_783' title='bbox 1144 5416 1328 5484; x_wconf 81' lang='lat' dir='ltr'><strong>perstringens</strong></span> <span class='ocrx_word' id='word_1_784' title='bbox 1344 5420 1413 5470; x_wconf 85' lang='lat' dir='ltr'><strong>tain-</strong></span> <span class='ocrx_word' id='word_1_785' title='bbox 1462 5422 1576 5485; x_wconf 73' lang='lat' dir='ltr'><strong>ctnmm,</strong></span> <span class='ocrx_word' id='word_1_786' title='bbox 1598 5415 1750 5470; x_wconf 70' lang='lat' dir='ltr'><strong>mdoeimnr</strong></span> <span class='ocrx_word' id='word_1_787' title='bbox 1766 5417 1801 5470; x_wconf 86' lang='lat' dir='ltr'><strong>ed</strong></span> <span class='ocrx_word' id='word_1_788' title='bbox 1818 5417 1920 5483; x_wconf 78' lang='lat' dir='ltr'><strong>gerbis</strong></span> <span class='ocrx_word' id='word_1_789' title='bbox 1935 5415 2091 5483; x_wconf 66' lang='lat' dir='ltr'><strong>Meidios,</strong></span> <span class='ocrx_word' id='word_1_790' title='bbox 2102 5423 2144 5487; x_wconf 60' lang='lat' dir='ltr'><strong>,ut</strong></span> <span class='ocrx_word' id='word_1_791' title='bbox 2157 5418 2323 5474; x_wconf 73' lang='lat' dir='ltr'><strong>Nasidienus</strong></span> <span class='ocrx_word' id='word_1_792' title='bbox 2339 5433 2358 5473; x_wconf 82' lang='lat' dir='ltr'><strong>e</strong></span> <span class='ocrx_word' id='word_1_793' title='bbox 2372 5421 2440 5475; x_wconf 78' lang='lat' dir='ltr'><strong>Ne·</strong></span> 
     </span>
     <span class='ocr_line' id='line_1_55' title="bbox 444 5479 2172 5555; baseline 0.002 -16"><span class='ocrx_word' id='word_1_794' title='bbox 444 5495 525 5550; x_wconf 68' lang='lat' dir='ltr'><strong>quin</strong></span> <span class='ocrx_word' id='word_1_795' title='bbox 539 5479 705 5552; x_wconf 81' lang='lat' dir='ltr'><strong>cupidiorem</strong></span> <span class='ocrx_word' id='word_1_796' title='bbox 720 5490 749 5539; x_wconf 86' lang='lat' dir='ltr'><strong>et</strong></span> <span class='ocrx_word' id='word_1_797' title='bbox 761 5482 922 5554; x_wconf 85' lang='lat' dir='ltr'><strong>iniquiorem</strong></span> <span class='ocrx_word' id='word_1_798' title='bbox 938 5482 1076 5538; x_wconf 59' lang='lat' dir='ltr'><strong>docrinae</strong></span> <span class='ocrx_word' id='word_1_799' title='bbox 1092 5483 1271 5555; x_wconf 82' lang='lat' dir='ltr'><strong>Vipsanieuae</strong></span> <span class='ocrx_word' id='word_1_800' title='bbox 1287 5482 1412 5550; x_wconf 68' lang='lat' dir='ltr'><strong>aestuis·</strong></span> <span class='ocrx_word' id='word_1_801' title='bbox 1459 5485 1564 5540; x_wconf 79' lang='lat' dir='ltr'><strong>es&#39;ctiae:</strong></span> <span class='ocrx_word' id='word_1_802' title='bbox 1580 5483 1650 5542; x_wconf 89' lang='lat' dir='ltr'><strong>iliud</strong></span> <span class='ocrx_word' id='word_1_803' title='bbox 1665 5490 1755 5540; x_wconf 67' lang='grc' dir='ltr'><strong>πίσω</strong></span> <span class='ocrx_word' id='word_1_804' title='bbox 1769 5499 1900 5553; x_wconf 77' lang='lat' dir='ltr'><strong>umquem</strong></span> <span class='ocrx_word' id='word_1_805' title='bbox 1916 5484 2041 5542; x_wconf 73' lang='lat' dir='ltr'><strong>occurrit</strong></span> <span class='ocrx_word' id='word_1_806' title='bbox 2167 5499 2172 5508; x_wconf 89' lang='lat'>·</span> 
     </span>
    </p>
   </div>
   <div class='ocr_carea' id='block_1_8' title="bbox 0 0 2872 6564">
    <p class='ocr_par' dir='ltr' id='par_1_11' title="bbox 0 0 2872 6564">
     <span class='ocr_line' id='line_1_56' title="bbox 0 0 2872 6564; baseline 0 0"><span class='ocrx_word' id='word_1_807' title='bbox 0 0 2872 6564; x_wconf 95' lang='lat' dir='ltr'><strong> </strong></span> 
     </span>
    </p>
   </div>
  </div>
 </body>
</html>
