5717 6575
895 616 955 700 oo
979 554 1498 688 nooocuamsnrusrm.
1527 559 1839 709 oenomaum
2307 605 2416 727 181Ι

319 831 322 835 ·
375 804 460 871 tiano
481 802 514 869 in
535 801 599 874 Vit
616 805 655 890 ej.
670 804 745 874 c2.
787 802 839 870 De
859 803 924 891 ejus
946 803 1141 874 Orationibus
1162 804 1227 894 egit
1247 802 1289 871 11.
1310 804 1458 892 Meyerus
1479 805 1511 872 in
1534 805 1632 873 Oratt
1646 805 1737 903 llum
1758 803 1886 894 Fragm.
1907 825 1937 895 p.
1954 801 2029 875 254.
2071 804 2237 874 Praeterea
2257 805 2380 878 relisit
2430 832 2433 839 ·

374 887 471 957 multa
492 888 553 955 alia
574 891 728 976 utriusque
757 890 879 978 generis
901 890 1028 979 scripta,
1078 912 1181 958 norum
1211 889 1313 956 titulos
1340 888 1503 978 diligenter
1530 891 1717 978 collegerunt
1744 889 1904 957 Reimarus
1933 898 1965 959 et
1990 892 2129 960 Storoius
2157 891 2197 959 ad
2230 894 2272 960 Xi
2293 829 2382 964 silini

374 973 441 1041 bc
456 973 497 1039 N.
512 971 577 1056 28,
596 973 650 1041 29.
672 988 702 1041 et
722 972 775 1041 30.
797 971 867 1044 Vol.
889 974 944 1043 Vl.
965 997 994 1064 p.
1015 915 1079 1043 etl
1099 998 1165 1064 sq,
1193 976 1313 1044 omissis
1336 983 1434 1042 tamen
1456 974 1643 1042 Sermonum
1665 975 1761 1075 libris,
1783 995 1856 1063 quos
1879 975 2036 1043 Charisius
2058 986 2128 1044 ante
2149 977 2253 1045 oculos
2273 915 2382 1048 latuit

373 1067 410 1125 et
430 1078 503 1144 quos
523 1058 708 1145 grammatici
728 1061 897 1147 argumenti
917 1060 1012 1125 luisse
1032 1061 1139 1150 liquet.
1178 1059 1242 1128 Sed
1260 1069 1447 1127 reuertamur
1465 1061 1567 1148 paucis
1589 1060 1628 1126 ad
1649 1059 1818 1144 Tiberium,
1839 1082 1963 1150 quocum
1990 1063 2161 1150 Augustum
2188 1063 2382 1152 epistolarum

374 1143 567 1211 crebritatem
589 1150 621 1208 et
641 1142 846 1209 assiduitatem
866 1144 1006 1211 babuisse
1035 1155 1067 1211 et
1095 1144 1222 1213 vidimus
1246 1147 1310 1233 jam
1331 1147 1372 1211 'et
1394 1145 1478 1212 multi
1501 1145 1569 1221 alii,
1595 1144 1645 1233 qui
1666 1152 1843 1233 supersunt,
1870 1153 2078 1214 corosanam
2106 1149 2285 1237 scriptorum
2305 1147 2379 1235 loci,

374 1229 412 1296 in
432 1227 537 1314 quibus
558 1235 640 1293 recte
683 1228 761 1295 osuit
781 1228 939 1295 Fabricius
961 1229 1086 1298 Sueten.
1107 1231 1191 1320 Aug.
1212 1253 1240 1297 c.
1260 1227 1314 1295 86.
1337 1239 1368 1296 et
1387 1229 1453 1313 92,
1481 1230 1590 1297 Tiber.
1611 1253 1637 1296 c.
1651 1230 1714 1312 11,
1737 1231 1789 1297 12.
1811 1237 1842 1295 et
1861 1230 1916 1298 22.
1964 1231 2007 1298 Et
2028 1253 2200 1320 quamquem
2220 1232 2380 1321 Augustus

378 1312 565 1402 suspiciosus
593 1311 626 1378 in
648 1248 804 1379 'l'berium
827 1322 904 1386 erat¹
919 1314 946 1379 ei

419 1406 482 1463 erte
503 1418 569 1462 com
591 1418 627 1491 eo
648 1399 865 1463 communicare
886 1336 1013 1466 solelat.
1056 1401 1181 1490 Spectat
1201 1401 1258 1466 huc
1285 1400 1425 1490 inprimis
1448 1401 1573 1468 Sueton.
1595 1401 1677 1488 Aug.
1697 1421 1724 1467 c.
1746 1399 1818 1498 920,
1846 1401 1898 1469 ubi
1923 1402 2073 1485 refertur,
2101 1401 2196 1489 qualis
2218 1401 2377 1490 Augustus

375 1503 459 1549 coroa
479 1480 536 1546 reli
560 1481 644 1547 iones
673 1482 779 1547 luerit:
808 1484 1021 1566 „Observabat
1042 1492 1074 1551 et
1094 1486 1158 1550 dies
1181 1484 1336 1574 quosdam,
1366 1507 1405 1551 ne
1434 1495 1486 1550 aut
1513 1484 1658 1575 postridie
1686 1485 1835 1550 nundinas
1863 1507 2008 1574 quoquam
2058 1486 2297 1571 rolicisceretur,
2326 1497 2380 1557 aut

374 1565 476 1633 Nonis
498 1565 654 1654 quidquam
675 1566 722 1633 rei
743 1569 840 1632 seriae
861 1568 1032 1635 inchoaret:
1053 1570 1129 1635 nibil
1149 1571 1182 1636 in
1204 1571 1261 1636 boc
1304 1569 1400 1635 uidem
1421 1568 1502 1635 aliud
1524 1570 1675 1653 devitans,
1697 1577 1730 1635 ut
1750 1568 1798 1648 ad,
1811 1569 1972 1638 Tiberium
1993 1571 2113 1654 scnbit,
2136 1593 2223 1660 quam
2245 1573 2377 1660 δυσφη-

374 1654 461 1734 μίαν
482 1650 645 1717 nominis.“
687 1651 838 1720 Videlicet
856 1652 1014 1740 Augustus
1036 1655 1068 1719 in
1090 1656 1146 1721 boc
1168 1655 1412 1744 superstitionum
1435 1674 1560 1742 genere,
1579 1654 1659 1742 ,quod
1681 1654 1788 1722 Cicero
1811 1653 1848 1722 de
1869 1656 1974 1724 Divin-
1994 1656 2084 1727 Libr.
2099 1655 2143 1725 11.
2165 1679 2192 1725 c.
2213 1653 2266 1725 4⁰.
2285 1658 2377 1724 attin-

376 1735 442 1824 git,
464 1736 627 1823 majoribus
647 1736 725 1803 nibil
744 1734 944 1822 concedebat,
967 1737 1092 1807 docente
1113 1739 1289 1808 Drumanno
1311 1737 1395 1805 Hist.
1416 1738 1505 1807 Rom.
1526 1739 1598 1810 Vol.
1620 1739 1674 1809 lv.
1697 1760 1726 1828 p.
1747 1738 1811 1806 3⁰1
1833 1761 1879 1829 sq.
1994 1781 2006 1801 .

1130 2194 1499 2272 EXCUBSUD
1541 2197 1632 2272 IV·

1346 2367 1428 2435 DE.

738 2549 740 2553 ’
816 2535 1106 2636 110οθ
1166 2534 1938 2651 (turmulam

1017 2723 1149 2803 noso.
1174 2724 1257 2805 ou.
1279 2723 1407 2803 omo
1431 2724 1464 2805 n
1488 2726 1532 2805 c.
1556 2732 1594 2805 a.
1618 2738 1653 2821 t·
1679 2728 1740 2804 ro.

532 3095 735 3172 Quintilianus
757 3097 788 3163 in
810 3119 864 3179 eo,
893 3117 980 3184 qoem
1002 3095 1079 3197 uixi,
1108 3097 1175 3165 loco
1197 3099 1224 3185 ᾗ.
1249 3095 1297 3165 17.
1320 3097 1442 3164 damnat
1469 3096 1624 3164 molestam
1637 3094 1826 3196 'diligentiae
1847 3097 2073 3186 peruersitatem
2095 3120 2214 3183 eorum,
2263 3099 2292 3166 ui
2312 3099 2376 3191 ple·

376 3205 447 3252 naut
467 3181 676 3249 vocabulorum
697 3181 821 3246 formam
841 3182 1004 3247 imminutis
1028 3184 1134 3269 ubique
1176 3183 1329 3248 raeleraut
1349 3204 1447 3270 neque
1469 3180 1678 3248 consuetudini
1706 3192 1738 3247 et
1767 3181 1868 3248 decori
1899 3184 2049 3260 serviant,
2071 3184 2151 3250 sicut
2176 3186 2210 3250 in
2242 3122 2305 3252 lu'
2337 3186 2347 3201 '

377 3290 456 3358 quae
477 3267 523 3334 M.
546 3266 668 3334 Tullius
696 3267 726 3332 in
749 3266 878 3333 Oratore
900 3264 1009 3349 divine,
1031 3276 1064 3331 ut
1085 3289 1194 3350 omnra,
1216 3277 1374 3334 exsecutus
1397 3269 1455 3333 sit:
1478 3267 1582 3354 quibus
1604 3266 1705 3362 verbis
1728 3266 1885 3334 Ciceronis
1908 3266 2040 3337 orate.
2062 3265 2117 3336 46.
2138 3278 2169 3336 et
2189 3265 2213 3335 4
2234 3318 2243 3337 .
2264 3268 2379 3359 respici

377 3362 514 3443 apertum
535 3361 592 3418 est
634 3349 710 3418 Inde
730 3350 887 3435 discimus,
904 3354 966 3438 jam
989 3349 1147 3419 Ciceronis
1170 3361 1270 3418 aetate
1291 3353 1405 3434 luisse,
1435 3352 1486 3439 qui
1506 3360 1644 3417 vetarent
1664 3350 1746 3439 loqui
1772 3370 1881 3435 ueste,
1904 3353 2082 3451 p'ttdt'cotst,
2106 3355 2249 3455 juberent
2276 3364 2378 3423 autem

292 3479 301 3488 -
375 3441 517 3514 somate,
533 3438 742 3520 iudicwitu,
762 3443 793 3501 et
812 3436 932 3525 plenum
952 3436 1073 3501 verbum
1093 3443 1174 3504 recte
1196 3436 1265 3520 dici,
1287 3444 1318 3502 et
1337 3436 1519 3501 imminutum
1541 3435 1663 3501 usitate.
1699 3432 1752 3533 'Ac
1773 3434 1882 3505 Cicero
1901 3457 1968 3524 rpse
1990 3437 2068 3503 baud
2090 3438 2239 3506 diffitetur
2287 3459 2322 3504 se
2342 3440 2378 3506 in
2411 3513 2417 3521 Ι

376 3523 435 3590 boc
457 3542 571 3609 genere
591 3520 797 3621 qonquetudini
818 3521 938 3620 aqribus
959 3519 1131 3620 indulgenti
1161 3522 1303 3621 obsequi,
1333 3542 1352 3585 a
1382 3542 1440 3607 qna
1465 3521 1659 3621 'impetratum
1681 3526 1739 3603 sut,
1765 3527 1816 3604 nt,
1846 3542 1991 3600 concessa
2016 3522 2219 3625 bpjusecmodi
2242 3488 2377 3626 licentia,

376 3603 2220 3791 matt‘tlttttttttttalt“tlttttltltltbttttttlttlltltttlttt’attlttlntl
2236 3616 2378 3777 tttt'
2464 3747 2469 3752 ,

376 3776 422 3843 bii
442 3782 541 3842 astate
562 3775 708 3842 brevioris
729 3776 762 3840 in
782 3774 934 3841 vocabulis
956 3776 1069 3840 lormae
1090 3796 1176 3840 usum
1197 3772 1401 3863 praevaluisse
1424 3782 1455 3839 et
1478 3775 1663 3858 obtinursse,
1698 3797 1745 3840 cur
1779 3796 1826 3841 am
1849 3773 1979 3859 Cicero,
2007 3778 2165 3866 superbum
2187 3779 2302 3843 aurium
2328 3798 2378 3844 se·

378 3868 466 3927 cutus
483 3858 637 3947 judicium,
659 3859 776 3949 priores
798 3869 901 3948 partes
924 3857 1082 3925 detulerat.
1122 3858 1192 3925 Jam
1214 3858 1261 3924 Μ.
1284 3857 1382 3924 Tullii
1404 3857 1557 3925 doctrinae
1591 3867 1622 3923 et
1648 3797 1785 3949 exempllt
1814 3881 1833 3925 a
1862 3859 2048 3934 Quintiliano
2069 3862 2225 3948 suincitur
2246 3859 2378 3948 aliudb

380 3945 448 4013 19.=
477 3944 561 4030 „Sed
582 3944 739 4031 Augustus
761 3965 875 4032 quoque
898 3943 927 4008 iu
950 3943 1095 4031 Epistolis
1117 3943 1155 4008 ad
1177 3943 1215 4011 C.
1232 3941 1393 4010 Caesarem
1415 3943 1535 4032 scriptis
1557 3942 1705 4025 emendat,
1727 3941 1804 4030 quod
1817 3944 1844 4009 is
1859 3946 1995 4011 calidum
2009 3943 2119 4027 dicere,
2142 3966 2228 4036 quam
2250 3948 2377 4012 caldum

378 4029 477 4098 malit:
498 4051 559 4096 non
601 4029 649 4094 oia
669 4027 743 4094 illud
764 4049 826 4096 non
847 4026 1070 4111 sit'Latinum,
1092 4028 1147 4093 sed
1168 4028 1238 4115 quia
1259 4028 1300 4093 sit
1321 4027 1467 4110 odiosum,
1489 4038 1531 4109 et,
1553 4038 1586 4092 ut
1606 4027 1672 4116 ipse
1694 4026 1811 4095 Graeco
1833 4029 1924 4094 verbo
1946 4028 2142 4115 significarit,
2163 4028 2375 4115 crepispyort.“

380 4113 478 4192 Quam
505 4135 564 4203 ego
637 4112 801 4199 aldingium
830 4120 950 4178 secutus
977 4133 1056 4179 none
1105 4112 1200 4178 uidem
1229 4113 1259 4180 in
1289 4119 1374 4177 textu
1403 4114 1433 4178 b.
1455 4112 1477 4176 1.
1500 4110 1568 4179 dedi
1589 4112 1784 4202 scripturam,
1813 4111 1922 4199 reliqui
1947 4114 2013 4179 lere
2041 4134 2144 4180 omnes
2170 4115 2376 4203 probauerunt

377 4199 520 4267 Editores
542 4204 574 4263 et
624 4198 662 4262 iri
683 4196 786 4283 Docti,
814 4196 842 4262 si
863 4197 1037 4263 discesseris
1059 4217 1077 4262 a
1128 4196 1237 4265 Crusio
1259 4196 1296 4263 ad
1319 4196 1444 4262 Suetou.
1465 4196 1547 4284 Aug.
1561 4219 1587 4263 c.
1600 4192 1667 4281 Sd,
1689 4197 1738 4262 ubi
1754 4198 1787 4262 in
1801 4196 1938 4264 Fabiano
1952 4197 2020 4264 loco
2035 4198 2192 4287 repudiata
2204 4196 2378 4287 Spaldingii

377 4284 528 4365 lectione,
557 4280 767 4369 corrigendum
789 4303 858 4348 esse
879 4281 968 4347 dicit:
998 4284 1083 4367 quod
1104 4286 1131 4348 is
1152 4281 1267 4348 caldum
1289 4284 1388 4349 dicere
1410 4300 1505 4366 quom
1527 4281 1656 4347 calidum
1678 4284 1776 4346 molit.
1820 4281 1900 4347 Huic
1921 4283 2101 4349 correctioni
2121 4285 2185 4349 siue
2206 4281 2377 4369 trajectioni

299 4429 305 4442 ,
377 4369 537 4435 verborum
557 4367 740 4468 patrocinari
764 4364 904 4432 videntur
931 4367 1185 4455 praestantissimi
1208 4366 1352 4449 Codices,
1382 4387 1504 4454 quorum
1535 4367 1686 4431 variantes
1713 4366 1878 4465 scripturas
1898 4367 1931 4433 in
1952 4366 2048 4433 lucem
2090 4367 2195 4434 rotulit
2216 4366 2375 4456 Zumptius

377 4456 411 4522 iu
433 4449 583 4519 Editionus
604 4451 842 4540 Spaldingianae
863 4449 933 4520 Vol.
955 4450 994 4521 V.
1015 4472 1044 4540 p.
1065 4448 1119 4517 44.
1142 4472 1186 4539 sq.
1230 4452 1273 4516 Hi
1291 4450 1440 4534 Codices,
1461 4450 1499 4514 ab
1520 4448 1597 4518 Viro
1620 4451 1746 4537 egregio
1767 4472 1800 4514 ιιι
1822 4451 1981 4517 Prooemio
2002 4473 2033 4540 p.
2087 4453 2112 4517 1.
2135 4474 2198 4541 sqq.
2222 4450 2375 4541 descripti,

969 1336 1005 1381 ue
1036 1338 1253 1405 nonnumquam
1276 1315 1537 1399 subirascebator,
1568 1325 1668 1381 tamen
1696 1315 1843 1382 interiora
1869 1315 1961 1382 animi
1988 1318 2037 1383 sui
2063 1339 2154 1384 sensa
2183 1339 2218 1383 ac
2245 1319 2380 1407 cogitate
2518 1349 2520 1353 ’

377 4536 453 4607 bil·
474 4538 633 4627 praebent:
660 4539 854 4603 emendatior
881 4537 1017 4602 calidum
1037 4537 1138 4602 dicere
1159 4554 1254 4620 quam
1276 4536 1400 4601 caldum
1420 4536 1554 4611 movult;
1583 4534 1633 4599 ubi
1654 4544 1753 4598 tamen
1775 4533 1932 4622 Zumptius
1959 4544 2046 4601 acute
2066 4534 2162 4602 addit:
2193 4535 2277 4618 „Sed
2309 4544 2393 4602 toto·
2509 4581 2511 4585 -

378 4622 470 4689 etlam
492 4620 617 4687 alteram
636 4618 719 4686 illam
740 4622 918 4710 scripturum
939 4621 1099 4685 restituere
1122 4635 1224 4719 potes,
1251 4620 1557 4719 modoemettdotius
1584 4620 1709 4685 caldum
1735 4636 1831 4703 quom
1858 4620 2010 4718 calidum,
2058 4620 2212 4720 ermutatis
2240 4617 2374 4701 sedibus,

377 4706 528 4774 uoribas.“
558 4705 694 4795 Optime!
717 4728 800 4794 quem
824 4708 910 4804 enim·
924 4704 1021 4805 altera
1041 4705 1114 4770 baec
1136 4703 1279 4804 Codicum
1300 4712 1448 4793 scriptura
1468 4704 1594 4803 praebet
1621 4724 1741 4771 sensum
1767 4708 1800 4802 et
1826 4724 1912 4790 quem
1940 4703 2009 4769 burc
2042 4724 2096 4770 oco
2117 4705 2282 4803 subjectum
2304 4724 2374 4808 esse

377 4791 444 4858 vult
463 4788 636 4875 BCrusius,
657 4812 724 4856 eum
745 4813 763 4856 a
785 4790 963 4865 Quintiliani
984 4798 1084 4855 mente
1106 4788 1235 4855 alienum
1258 4811 1341 4872 esse,
1363 4795 1396 4853 et
1416 4787 1573 4878 Zumptms
1595 4788 1672 4854 bene
1694 4795 1791 4853 sensit
1811 4795 1843 4853 et
1862 4786 2007 4887 Meperus
2028 4798 2111 4854 recte
2133 4788 2247 4872 docurt,
2270 4809 2320 4876 qur
2341 4809 2374 4854 ιιι

378 4874 519 4945 Addend.
546 4874 618 4944 Vol.
651 4874 677 4940 1.
706 4896 735 4963 p.
759 4871 834 4941 462.
864 4896 925 4941 non
957 4872 1079 4940 multum
1115 4874 1201 4942 abest
1231 4874 1300 4962 quin
1328 4873 1438 4963 partim
1468 4895 1507 4938 ex
1538 4871 1634 4940 cado.
1656 4872 1820 4961 scriptura,
1850 4882 1958 4961 partam
1985 4893 2041 4973 ex·
2058 4872 2239 4963 Zumptiane
2273 4874 2373 4960 conje-

378 4970 465 5028 ctura
486 4969 579 5027 totum
605 4960 634 5026 b.
656 4957 752 5027 locum
780 4966 958 5026 constituat:
998 4957 1060 5025 Sed
1088 4959 1251 5043 repostos
1278 4994 1324 5010 -
1350 4960 1543 5059 corrosorius
1573 4960 1696 5025 eddom
1726 4959 1826 5024 decre
1840 4976 1949 5056 ‘qptorrq
1979 4958 2133 5058 ammom·
2146 4959 2287 5057 morab:
2325 4978 2373 5058 mc

377 5044 592 5145 adstipulante,
609 5043 661 5144 cui
682 5043 735 5110 illa
755 5064 802 5111 vv.
824 5046 977 5144 emendat,
1042 5044 1083 5111 od
1103 5048 1130 5110 ir
1152 5066 1309 5143 numquam
1330 5065 1389 5109 non
1410 5043 1637 5142 displicuerunt.
1679 5042 1749 5108 Jam
1770 5062 1883 5140 nemunp
1904 5061 2050 5142 conquam·
2066 5041 2183 5108 dubium
2198 5053 2279 5141 uerat,
2300 5062 2374 5191 qum

376 5154 413 5283 ia
421 5130 524 5304 llll
536 5130 587 5280 l?
595 5127 685 5279 dlii
701 5129 791 5294 tl?
793 5125 1811 5301 :toltlt.³⁰⁸1t‘t¹tltttlltttttsitubbllltt‘
1820 5123 1929 5278 pq,
1931 5126 2104 5278 britti
2123 5125 2372 5310 ltlttsstt

376 5298 470 5368 dubio
489 5306 629 5389 nepotem
650 5319 752 5381 suum,
780 5298 849 5385 quia
874 5296 994 5389 plenum
1021 5296 1194 5363 vocabulum
1222 5298 1341 5365 calidos
1367 5302 1555 5385 usurpasset,
1584 5294 2071 5394 reprehenderatlmouueratque,
2097 5301 2132 5361 nt
2157 5316 2190 5361 ιιι
2219 5302 2372 5382 posterum

445 5553 478 5623 1)
494 5556 530 5609 Η.
544 5521 669 5626 Meretur
687 5552 723 5612 sd
739 5551 855 5609 Quinfit
873 5553 893 5608 l.
911 5567 935 5604 c.
953 5552 980 5622 ς.
994 5549 1038 5607 17.
1055 5557 1155 5619 monet,
1173 5532 1287 5607 turmam
1306 5552 1460 5607 osdoctm
1476 5549 1577 5621 passim
1595 5514 1668 5619 apud
1685 5548 1845 5607 Ciceronem
1861 5549 1979 5607 iureoiri
1994 5546 2170 5618 laudaritque
2187 5548 2317 5605 Garatom.
2335 5549 2370 5603 ael
2499 5635 2502 5640 Ι

375 5623 468 5680 Olcer.
484 5624 532 5679 Or.
550 5638 592 5693 pr.
609 5622 715 5734 Foupej.
731 5623 809 5690 c.—l.,
825 5637 869 5692 pr.
885 5619 963 5679 Cael.
980 5634 1004 5675 c.
1020 5617 1048 5676 a.
