5717 6575
350 562 366 675 ζ
436 593 512 670 seo
877 663 883 679 ,
1209 599 1440 675 menaeus
1462 548 1672 674 annulos=
1770 692 1772 697 ¹

435 807 553 860 sectum
566 792 661 943 panis
682 789 799 890 unciam
821 811 885 856 cum
907 789 1011 880 paucis
1033 788 1127 857 acinis
1149 811 1226 858 uvae
1247 789 1407 859 duracinae
1424 793 1451 876 ⁴)
1473 813 1508 858 se
1530 788 1696 891 comedisse
1718 808 1783 889 cnm
1803 787 1943 890 privigno
1965 808 2019 889 sno
2042 787 2247 889 communicat.
2288 784 2328 852 ln
2348 784 2436 887 illam

440 886 545 946 antem
598 898 715 966 egram,
736 898 773 941 cu
786 895 820 941 us
841 897 950 942 nomen
978 897 1033 966 per
1053 897 1158 943 omnes
1186 877 1302 943 Romae
1330 899 1417 944 casus
1446 899 1481 944 ac
1508 875 1641 976 pericula
1667 895 1817 975 mansqsse
1846 882 1877 939 et
1903 895 2038 960 vngumse
2065 874 2210 958 arbitror,
2237 870 2318 938 hand
2344 869 2439 937 dubus

436 963 599 1062 Augustus
626 983 661 1028 sc
684 898 883 1062 contuierat,
899 983 988 1028 sacra
1013 961 1160 1062 solemnia
1183 963 1336 1045 obiturus,
1365 984 1442 1062 qnae
1468 961 1647 1061 Poutsbcem
1676 960 1842 1026 Maxumum
1869 964 1948 1024 stato
1976 967 2125 1059 tempore·
2138 958 2240 1059 facere
2257 963 2440 1057 oporteret.

438 1049 519 1115 Nam
547 1047 618 1113 hcet
644 1045 803 1134 Augustus
830 1068 863 1112 ιιι
889 1069 926 1112 ea
953 1068 1039 1135 quam
1069 1046 1272 1149 publicaverat
1297 1047 1517 1148 Palatriparte
1544 1043 1709 1146 aediculam
1736 1044 1851 1145 Vestae
1880 1044 2006 1109 haberet
2033 1055 2127 1110 reteri
2153 1042 2200 1143 alh
2219 1039 2441 1191 ‘assrmrlffi

438 1129 1707 1370 tropaeiqueqtufiieqsqacaqp.proptrer
1729 1127 1875 1304 attrei
1897 1126 2442 1295 rectitudinibus..

439 1320 858 1390 es‚scrrreamporsee
899 1321 1132 1392 emunaposa
1185 1349 1253 1371 ..
1338 1319 1396 1370 .s.
1460 1323 1518 1371 .a
1605 1348 1614 1364 .

1183 1719 1550 1799 exoneras
1592 1722 1700 1796 ιιι.

1407 1892 1475 1959 DE

1002 2055 1283 2163 leoco
1336 2059 1874 2163 onnnlsn

1118 2250 1251 2331 urna.
1274 2248 1328 2330 [ι
1362 2250 1405 2330 c.
1433 2254 1495 2331 ιι.
1524 2251 1569 2329 n.
1596 2254 1684 2332 ιιι.
1707 2248 1755 2328 ι..

595 2623 751 2693 Charisius
773 2624 812 2691 de
831 2644 861 2690 v.
883 2620 1043 2699 ‚,0btter“
1064 2622 1107 2688 ita
1128 2621 1275 2711 disputate
1304 2620 1430 2706 „Diuus
1457 2619 1631 2688 Hadrianus
1657 2620 1835 2689 Sermonum
1862 2622 1957 2712 primo
1985 2623 2119 2712 quaerit,
2148 2645 2189 2690 an
2214 2622 2363 2692 Latinum
2383 2624 2441 2691 sile

337 2726 342 2735 ·
442 2709 652 2795 Quamquam,
665 2711 868 2799 inquitapod
885 2709 1051 2776 hieriam
1071 2711 1147 2775 baec
1166 2726 1234 2775 coa
1254 2709 1458 2783 essedicatur,
1473 2716 1578 2774 tamen
1588 2704 1732 2775 Scaena
1739 2708 1888 2775 Latinam
1902 2727 1966 2775 esse
1979 2718 2082 2790 oeque
2102 2707 2209 2793 Addit,
2221 2707 2299 2797 qnod
2319 2715 2442 2775 veteres

442 2799 550 2864 eadem
570 2795 654 2862 soliti
675 2796 738 2862 sint
760 2794 876 2878 dicere,
898 2815 960 2859 nou
981 2792 1125 2858 addentes
1145 2794 1217 2868 oia,
1238 2800 1272 2858 nt
1293 2792 1333 2857 sit
1356 2787 1433 2856 κατ’
1455 2786 1848 2877 lttcmcn‚nt1³lantns‚
1870 2793 1983 2893 inquit,
2003 2793 2124 2861 Eadem
2144 2795 2234 2868 bibes,
2256 2792 2365 2860 eodm
2385 2795 2442 2860 tibi

443 2881 558 2950 dedero
580 2884 714 2948 savium.
756 2880 939 2955 Quamnam
960 2877 1056 2944 Divus
1077 2877 1235 2964 Angustus
1256 2875 1479 2965 reprehendens
1502 2876 1575 2945 Tib.
1598 2876 1755 2945 Claudium
1776 2878 1821 2942 itu
1848 2876 1993 2966 loquutur:
2024 2870 2164 2961 ‚,Sorsbis
2190 2879 2441 2961 menecrates

441 2962 522 3030 dost
543 2964 605 3030 τοῦ
626 2965 758 3032 obiter.“
801 2901 871 3029 Sed
885 2962 983 3028 Divus
1005 2959 1195 3028 Hadrianus:
1216 2961 1393 3044 „Tametsi‚
1413 2961 1523 3050 iuquit,
1541 2963 1702 3046 Aequam
1722 2980 1790 3029 aaa
1806 2965 2006 3047 pereruditus
2025 2966 2119 3030 bomo
2138 2963 2250 3047 [mat.
2270 2971 2308 3030 dt
2321 2961 2362 3028 sd
2382 2963 2439 3032 dd·

440 3051 578 3116 υιιὸίιιιιι
600 3067 640 3116 ecc
659 3068 724 3115 aso
741 3051 847 3132 potius
869 3066 965 3131 qoam
986 3047 1115 3113 lectione
1131 3047 1330 3130 motuteritf‘
1343 3049 1380 3128 ¹).
1882 3124 1887 3134 Ι

508 3214 514 3220 .
596 3132 646 3198 De
666 3134 724 3200 hoc
746 3130 894 3198 Hadriani
914 3133 947 3198 in
968 3132 1140 3218 Augustum
1161 3131 1285 3196 crimine
1306 3128 1480 3218 indignatus
1501 3129 1686 3219 Rutgersius
1708 3128 1745 3196 ad
1767 3129 1797 3199 h.
1819 3129 1859 3199 l:
1888 3129 2082 3219 „Equidem
2108 3131 2221 3218 inquit,
2248 3129 2437 3201 Hadrianum

441 3217 536 3289 miror
559 3216 592 3282 id
619 3215 656 3283 de
676 3217 817 3307 Augusto
846 3222 951 3282 contra
972 3215 1143 3281 universum
1172 3215 1302 3281 omnium
1326 3213 1494 3290 seculorum
1521 3236 1698 3282 consensum
1725 3215 1825 3282 dicere
1850 3237 1913 3282 non
1939 3217 2130 3283 erubuisse.“
2170 3216 2215 3284 nt
2234 3216 2285 3307 qui
2306 3216 2437 3284 Hadria·

442 3324 513 3370 num
534 3302 670 3385 noverit,
691 3300 891 3368 duriusculum
910 3300 986 3368 illud
1008 3300 1146 3366 ‘udicium
1166 3320 1229 3366 non
1249 3320 1431 3389 magnopere
1453 3300 1617 3368 mirabitur.
1658 3299 1718 3371 vir
1738 3304 1817 3369 eninr
1837 3302 1895 3368 fuit
1915 3302 2018 3391 magni
2038 3301 2156 3390 quidem
2176 3302 2293 3389 ingenii
2313 3302 2436 3374 mullas·

463 3407 500 3452 ne
522 3386 696 3472 doctrinae,
726 3385 780 3453 sed
801 3386 934 3453 vanitate
980 3385 1100 3473 gotiae
1126 3385 1307 3473 honorisque
1335 3384 1497 3475 cupiditate
1521 3386 1718 3472 famigeratus
1746 3408 1764 3451 a
1799 3408 1835 3451 ne
1856 3386 2073 3453 obtrectatione
2099 3385 2288 3475 inuidiaque,
2322 3388 2435 3489 quain

442 3471 519 3538 a‘os
548 3472 685 3538 homines
716 3470 819 3548 doctos
845 3436 1013 3571 degradat,
1042 3470 1179 3553 infamis,
1205 3477 1238 3535 ut
1265 3468 1377 3535 diserte
1404 3476 1532 3535 testatur
1551 3469 1727 3560 Xiphilinus
1747 3471 1790 3536 Lu
1809 3493 1834 3541 r.
1854 3471 1976 3541 LXIX.
1998 3493 2024 3537 c.
2044 3471 2077 3538 3.
2120 3471 2225 3559 ltaque
2246 3494 2308 3539 non
2329 3473 2435 3539 inseiis

443 3554 482 3624 G.
503 3554 541 3622 de
563 3555 669 3621 Rhoer
691 3554 728 3621 de
750 3553 836 3622 Stud.
858 3555 936 3623 Luat.
958 3554 994 3623 G.
1015 3555 1056 3620 Α.
1079 3576 1105 3621 c
1127 3553 1169 3620 Il.
1192 3552 1221 3637 ᾗ.
1242 3554 1297 3621 21.
1339 3549 1422 3619 .42.
1450 3554 1580 3642 iniquius
1608 3553 1683 3619 illud
1705 3553 1848 3643 judicium
1875 3577 1915 3622 er
1943 3555 2131 3623 abnoctandi
2157 3555 2283 3644 quadam
2304 3555 2435 3625 lubidine

358 3722 361 3730 1
441 3643 546 3706 natum
566 3660 635 3706 esse
657 3639 794 3729 opinatur
803 3641 841 3724 ²).
882 3638 963 3705 Mihi
983 3646 1083 3705 autem
1101 3629 1253 3738 Hadriapi
1274 3576 1365 3705 verba
1385 3638 1480 3737 primo
1510 3637 1653 3739 adspectu
1679 3640 1835 3707 acerbiora
1863 3661 1932 3706 esse
1959 3639 2098 3707 videntur
2138 3662 2205 3707 naus
2225 3662 2337 3743 reapse
2357 3650 2436 3710 sunt

442 3721 548 3798 Quum'
562 3724 640 3790 enim
661 3724 809 3812 negabat,
831 3725 1001 3811 Angustum
1022 3723 1170 3789 hominem
1191 3723 1287 3788 fnisse
1307 3722 1523 3816 pererudutnm,
1550 3723 1626 3789 nnhil
1654 3721 1735 3789 aliud
1765 3724 1968 3811 significabat,
1999 3747 2086 3812 quam
2112 3663 2244 3792 defuisse
2265 3748 2295 3792 en
2317 3748 2435 3794 accurs·

442 3817 503 3874 tam
526 3816 557 3875 et
579 3808 706 3913 amplam
727 3810 850 3895 linguae
871 3809 1006 3898 inprimis
1023 3806 1157 3873 Graecae
1178 3807 1343 3875 scientiam.
1385 3807 1464 3873 Nam
1485 3806 1562 3897 apud
1574 3807 1728 3874 Romanos
1751 3818 1916 3897 argenteae
1938 3810 2047 3875 aetatis
2068 3812 2209 3877 maditus
2230 3831 2249 3876 a
2269 3810 2436 3901 pellabatur

441 3887 519 3958 κατ’
539 3887 700 3979 ἐξοχηνίι
767 3894 798 3959 ui
818 3892 935 3960 litteras
958 3891 1091 3959 Graecas
1118 3900 1150 3958 et
1168 3893 1300 3959 Latinas
1330 3890 1475 3957 callebat:
1504 3892 1563 3960 vid.
1584 3891 1744 3959 Ernestius
1766 3906 1797 3958 et
1817 3891 1973 3960 BCrusius
1995 3894 2031 3960 ad
2054 3894 2181 3963 Suetou.
2203 3832 2315 3963 Tiber.
2336 3919 2363 3964 c.
2383 3894 2434 3964 7⁰.

440 3976 531 4068 Apud
553 3977 679 4079 Sueqon.
703 3916 803 4067 dabg.
825 4000 852 4046 c.
873 3978 925 4046 53.
948 3980 1179 4078 eloquentiaeo
1220 3977 1322 4077 onitur
1342 3981 1495 4060 candidio,
1523 3978 1544 4045 i.
1566 4000 1595 4066 q.
1617 3978 1799 4079 philologia,
1833 4000 1920 4067 quam
1942 3978 2079 4079 dicimus:
2100 4000 2128 4048 v.
2149 3978 2188 4079 ad
2208 3980 2238 4048 h.
2258 3980 2280 4047 l
2301 3979 2437 4049 Erneslii

422 4061 514 4130 not.
536 4061 630 4151 Atqu
652 4060 822 4152 engnsns,
843 4073 876 4130 ut
893 4064 956 4150 jam
977 3998 1374 4149 Lrnr.ll.§.b.pnun1tnn
1396 4069 1455 4144 est,
1478 4061 1657 4128 Graecarum
1679 4061 1752 4128 discr
1774 4062 1900 4129 huarum
1924 4083 2057 4164 quamvis
2078 4062 2231 4132 studiosus
2251 4085 2314 4132 non
2336 4073 2433 4133 tames

439 4085 2434 4313 ita..illlisllll.idid?illitiillinit⁶⁰1¹¹¹t⁰¹22tllllldl‘ttab.t1i¹tl¹l³¹⁰⁸..³l‘ttltltl:ital

439 4250 2152 4488 lac‘’crnlanmnclclactenicantnrnlrnnllalc
2186 4256 2434 4495 ishad

1212 4471 1214 4476 .
2159 4452 2171 4488 q
2420 4444 2433 4460 ⁹

509 4637 536 4691 t.
553 4633 676 4692 De‘aols
696 4641 848 4692 duracinis
866 4638 994 4709 exposuit
1008 4638 1033 4694 J.
1049 4638 1085 4695 G.
1102 4636 1283 4693 Schneiderus
1307 4636 1335 4690 in
1352 4636 1411 4691 lud.
1462 4638 1610 4705 Augustas.
1630 4637 1731 4692 Vocem
1747 4637 1850 4707 obiter,
1861 4638 1896 4692 de
1909 4654 1963 4708 qus
1974 4638 2097 4694 Faernus
2109 4639 2144 4693 sd
2155 4638 2279 4696 Terentii
2288 4639 2388 4700 nunc
2397 4643 2430 4699 11.

441 4705 477 4760 ad
494 4705 555 4760 Scri
575 4712 605 4763 tt.
622 4708 656 4761 R.
672 4708 706 4760 R.
724 4724 751 4775 p.
768 4708 820 4762 176
837 4723 878 4776 sq.
1462 4706 1585 4761 3.ι.127.
1602 4706 1691 4761 Bentl.
1703 4705 1865 4774 conferatur,
1875 4712 2021 4773 argenteae
2032 4708 2128 4762 aetatis
2139 4701 2301 4779 αἱιοιιοιιιιο
2311 4712 2432 4766 uisse

509 4773 538 4827 5.
583 4772 658 4827 ehic
670 4775 805 4843 respicere
817 4776 995 4842 conjecturum
1006 4772 1152 4829 acutissimi
1163 4771 1232 4839 Viri,
1248 4772 1374 4841 Beckeri,
1391 4773 1414 4828 l.
1461 4789 1556 4827 necem
1574 4772 1696 4833 inveniri,
1714 4774 1878 4827 contendunt
1893 4774 1992 4828 Nolten
2009 4774 2039 4830 in
2055 4775 2150 4834 Leria.
2165 4776 2259 4832 Antib.
2275 4778 2337 4835 lnd.
2348 4779 2432 4845 nnn

441 4857 466 4898 c.
475 4859 504 4911 p.
513 4841 567 4907 ³5,
584 4840 651 4909 ipsa,
669 4842 763 4910 quibus
780 4859 844 4896 usus
862 4859 930 4910 sum,
948 4843 1032 4896 verba
1044 4847 1171 4908 arguunl3
1189 4846 1323 4894 caeterum
1335 4856 1412 4894 meae
1461 4842 1494 4895 Π.
1513 4849 1542 4909 p.
1558 4840 1618 4895 628.
1635 4845 1663 4893 et
1678 4840 1884 4895 Doederleinins
1907 4841 1936 4899 in
1958 4844 2060 4908 synon.
2077 4848 2105 4900 et
2120 4845 2236 4911 ΕίγιιιοΙ.
2252 4846 2315 4905 ind.
2331 4862 2359 4916 p.
2374 4846 2433 4902 241.

440 4907 588 4979 suspicioni
604 4909 790 4977 qualicumque
805 4910 907 4977 lavent,
924 4925 994 4979 qnae
1010 4911 1045 4962 de
1059 4913 1191 4976 Augusto,
1208 4907 1317 4961 homine
1335 4914 1411 4960 rete-
1462 4909 1518 4961 Sed
1540 4908 1671 4961 Laberius
1693 4924 1753 4961 cum
1780 4925 1814 4962 ea
1839 4909 1868 4961 in
1898 4909 1989 4963 Himis
2014 4911 2070 4976 janu
2100 4928 2165 4971 nens
2189 4917 2275 4981 enat,
2304 4913 2431 4984 seqnitur,

440 4976 480 5030 ris
502 4975 644 5042 religionis
670 4976 820 5046 rituumque
849 4976 1104 5045 observantissima,
1134 4978 1274 5046 praeclare
1304 4975 1412 5044 scripsit
1462 4991 1522 5028 eam
1538 4976 1643 5043 pridem
1658 4974 1687 5027 in
1703 4976 1780 5041 vulgi
1796 4992 1921 5030 sermone
1937 4984 2092 5047 usurpatam
2109 4979 2207 5037 fnisse.
2232 4981 2329 5052 Neque
2346 4988 2432 5037 umes

438 5042 630 5099 Ambrosohios
646 5046 666 5097 l.
682 5046 701 5097 l.
720 5060 744 5100 c.
761 5047 788 5098 2.
804 5061 831 5113 p.
847 5045 883 5099 44
898 5063 910 5099 ι
949 5086 957 5104 .
1033 5069 1036 5073 ⁴
1461 5045 1584 5110 Augusto
1601 5054 1712 5113 prorsus
1729 5043 1880 5113 improbata
1896 5050 1948 5112 est,
1963 5050 2039 5115 utqui
2054 5046 2259 5117 reprehenderit
2272 5050 2432 5104 vocabulum

409 5129 412 5134 ’
510 5113 535 5166 1.
556 5112 617 5165 Hoc
638 5110 666 5164 in
688 5110 808 5165 Charisii
829 5115 890 5167 loco
912 5113 1068 5183 probabiles
1088 5109 1233 5166 Niebuhrii
1262 5114 1290 5165 et
1310 5110 1411 5164 Linde·
1459 5113 1593 5177 ueneram
1609 5117 1638 5165 et
1654 5112 1733 5166 simul
1749 5112 1913 5181 ostenderit,
1936 5129 1968 5167 se
1989 5114 2106 5180 rejicere
2126 5121 2228 5170 tanturn
2250 5116 2326 5172 illins
2348 5118 2432 5187 origi·

441 5180 533 5234 manni
549 5180 718 5246 conjecturas
736 5185 843 5234 secutus
867 5198 917 5249 pro
934 5184 1022 5247 vulga
1045 5184 1075 5233 et
1094 5195 1158 5234 cum
1175 5181 1308 5232 Securae
1324 5207 1360 5220 -
1375 5206 1410 5219 ·-
1460 5180 1598 5234 radonem
1621 5181 1655 5231 ob
1677 5184 1705 5231 et
1726 5181 1792 5234 s'ter.
1825 5180 1932 5235 Videris
1954 5182 2070 5249 Reisigii
2091 5184 2225 5239 Praetecc
2246 5184 2282 5241 de
2298 5186 2332 5242 la.
2347 5186 2383 5243 1.
2405 5184 2432 5255 5·

441 5250 541 5316 repet,
559 5247 647 5301 edidi:
665 5253 760 5303 tamea
777 5252 910 5302 Scaurus
925 5278 960 5289 -
975 5276 1011 5289 -
1027 5253 1122 5314 nepot.
1156 5247 1246 5301 Plauti
1264 5263 1356 5301 verens
1374 5264 1409 5301 ex
1458 5249 1520 5304 132.
1536 5248 1628 5316 ibique
1643 5248 1736 5300 Haase
1751 5248 1788 5305 N.
1804 5247 1867 5303 241.

441 5314 568 5370 Bacchid.
586 5318 606 5370 1.
625 5318 650 5370 l.
666 5333 692 5370 ι.
710 5317 753 5371 15.
770 5316 851 5370 hodie
871 5316 985 5382 legitur:
1009 5319 1145 5415 ,diadem
1167 5317 1289 5381 otnerte3
1311 5320 1408 5371 eadem
1526 5317 1553 5372 2.
1570 5318 1643 5369 Idem
1658 5314 1846 5380 indicium¹de
1867 5316 1985 5384 Augusti
2007 5317 2160 5373 eruditione
2183 5318 2217 5377 0.
2233 5319 2374 5389 Reisigins
2390 5322 2433 5377 ie·

441 5385 546 5436 dedero
573 5385 639 5451 etat,
666 5387 715 5438 obi
740 5386 860 5453 biberis,
887 5382 1039 5437 saotum.‘
1066 5416 1101 5427 -
1139 5384 1340 5440 Lindemannue
1372 5401 1408 5438 ex
1458 5389 1532 5438 cerat
1548 5382 1577 5437 iu
1593 5385 1726 5439 Praelect.
1743 5386 1764 5439 l.
1781 5400 1820 5452 o.,
1837 5402 1915 5455 quem
1932 5385 2025 5441 Virum
2041 5388 2181 5455 egregium
2196 5387 2332 5445 irmtslum
2348 5390 2431 5445 luisse

442 5450 511 5503 cod.
533 5453 822 5507 etheriarchum:
852 5455 885 5509 r.
902 5455 1069 5522 claudium,
1093 5458 1187 5507 nonna
1208 5452 1352 5507 Petschius
1378 5459 1407 5506 et
1456 5453 1580 5520 suspicor
1602 5452 1694 5506 verbis
1716 5459 1744 5507 et
1766 5456 1890 5522 exemplo
1906 5454 2034 5523 Augusti,
2058 5471 2112 5524 quo
2136 5472 2167 5510 se
2188 5454 2270 5512 facile
2292 5463 2431 5514 maantam

440 5517 582 5572 Fabricius
595 5521 820 5588 lihvtaudtnm,
833 5527 1099 5588 quossecnlussum.
1114 5519 1407 5574 Tiberiusestintelli-
1454 5519 1606 5587 Philologi,
1629 5521 1677 5590 qui
1700 5520 1865 5575 disserentes
1887 5522 1923 5575 de
1945 5524 2027 5577 rebus
2044 5522 2248 5594 Grammaticis,
2307 5526 2430 5596 rupicum

440 5586 556 5655 sendus,
573 5587 615 5641 cui
631 5604 689 5646 roc.
705 5592 837 5654 peresam
852 5606 902 5658 pro
921 5591 1013 5645 obiter
1027 5605 1105 5644 usum
1116 5588 1180 5643 olinr
1192 5589 1404 5658 exprobraverat
1453 5587 1593 5645 breviatis
1603 5589 1701 5659 gretia,
1712 5589 1966 5649 ammeuthrticnlo
1977 5591 2084 5650 Graeco
2094 5590 2258 5651 mammons
2314 5594 2433 5651 limati!
