5717 6575
696 604 927 718 uxonns,
950 564 1002 689 n.
1025 602 1158 711 nuc.
1180 604 1403 687 nucusm
1426 596 1689 684 muamus
1721 602 1790 682 ar
1813 601 2165 689 summanus.
2345 610 2420 696 aaa

455 834 519 882 uun
541 812 678 880 convicta
699 820 830 896 tenetur,
853 820 952 879 tamen
972 815 1063 879 rebus
1091 812 1228 878 omnibus
1257 820 1395 876 accurato
1424 807 1623 875 consideratis
1652 814 1753 873 lacere
1778 830 1839 874 nou
1887 831 2024 878 ossumus
2052 815 2122 903 quin
2151 819 2315 882 statuamus
2340 817 2421 885 baud
2484 886 2487 891 ,

455 901 564 966 manes
587 899 682 963 luisse
703 899 875 986 aequalium·
890 899 1088 986 suspiciones,
1110 897 1187 987 apud
1209 919 1283 983 quos
1306 897 1398 961 Liria
1419 894 1542 959 infamia
1563 895 1712 992 flagrabat
1734 901 1765 957 et
1787 830 2037 962 etaodstmaram
2059 900 2192 964 albnium
2215 905 2334 968 suorum
2351 925 2419 970 cae·

454 983 535 1051 dium
558 1004 666 1070 magno
688 1004 836 1050 consensu
857 984 1093 1050 insimulabatur.
1136 985 1185 1048 Da
1207 984 1311 1069 quibus
1333 982 1424 1048 rebus
1446 983 1494 1046 hic
1509 1001 1563 1069 pro
1586 979 1712 1045 consilto
1728 1001 1822 1068 pauca
1835 980 2008 1065 afferamus,
2029 989 2206 1072 praesertim
2222 1007 2309 1073 quum
2319 1008 2418 1076 egre·

455 1070 509 1159 gie
530 1069 569 1134 ab
591 1069 730 1134 lloeckio
752 1067 774 1133 Ι.
797 1068 818 1132 Ι.
841 1091 878 1133 ex
900 1071 1004 1135 ositum
1028 1068 1078 1135 sit.
1312 1129 1318 1142 ,

611 1151 664 1219 Sic
681 1153 743 1238 jam
765 1174 844 1218 anno
868 1090 905 1220 d
929 1152 965 1219 C.
988 1154 1060 1222 731.
1083 1151 1149 1236 (23.
1172 1173 1200 1219 a.
1224 1150 1314 1232 Chr.)
1336 1150 1467 1248 suerunt,
1488 1149 1538 1249 qui
1561 1170 1696 1213 caussam
1711 1149 1806 1212 morbi
1816 1151 1981 1249 mortisque
1996 1150 2041 1216 Μ.
2052 1150 2193 1219 Marcelli
2215 1155 2415 1224 adolescentis

456 1237 613 1322 illnanuo
635 1238 745 1302 mortui
765 1238 874 1302 Liviae
896 1238 1099 1325 assignarent,
1141 1258 1196 1301 uae
1218 1258 1312 1322 aegre
1334 1235 1464 1316 tulrsset,
1486 1237 1583 1298 rllum¹
1598 1234 1817 1332 adolescentem
1847 1256 1910 1299 surs
1939 1235 2011 1299 filris
2041 1239 2077 1300 ab
2101 1239 2240 1326 Angusto
2267 1241 2417 1328 praeterii

458 1331 490 1390 ct
509 1341 714 1388 successuram
743 1322 921 1388 destinatum
950 1345 1031 1406 esse,
1061 1260 1139 1409 quud
1169 1321 1259 1408 vulgo
1288 1319 1457 1401 ferebatur,
1486 1329 1520 1384 ut
1547 1320 1608 1383 Dio
1639 1317 1728 1386 Cass·
1758 1316 1846 1386 Lrbr.
1873 1318 1925 1383 53.
1956 1342 1982 1384 ο.
2004 1319 2056 1385 33.
2079 1322 2148 1388 οοΙΙ.
2170 1346 2195 1389 c
2217 1324 2269 1390 36.
2300 1332 2415 1396 namt.

458 1407 633 1507 Quanquam
655 1407 722 1494 ipse
743 1408 804 1473 Diu
827 1408 847 1475 Ι.
868 1407 890 1473 Ι.
913 1411 1076 1496 suspicioni
1097 1406 1143 1471 illi
1165 1428 1224 1471 non
1247 1405 1369 1471 multum
1393 1404 1512 1485 tribuit,
1541 1424 1628 1489 quum
1656 1424 1752 1468 annus
1774 1402 1827 1467 ille
1849 1410 1880 1467 et
1900 1424 2086 1491 consequens
2116 1418 2175 1471 tam
2204 1409 2284 1474 luedi
2311 1419 2417 1477 es'sent

457 1492 533 1559 coeli
555 1493 742 1578 intemperie,
765 1500 798 1555 ut
819 1513 928 1577 magua
950 1493 1099 1558 bominum
1120 1490 1275 1555 multitudo
1298 1489 1408 1555 morbis
1431 1489 1647 1552 absumeretur.
1691 1486 1825 1552 Eandem
1848 1497 1945 1552 tamen
1969 1491 2166 1578 suspicionem
2190 1500 2268 1558 tecte
2298 1495 2323 1559 si
2349 1496 2414 1563 nili·

456 1598 526 1643 care
548 1586 580 1641 et
599 1576 776 1641 confirmare
799 1577 935 1643 videntur
956 1599 1032 1664 quae
1054 1577 1091 1640 de
1112 1575 1304 1641 immoderato
1327 1573 1470 1639 Octaviae
1491 1570 1570 1638 luctu
1592 1574 1712 1660 scripsit
1728 1572 1844 1637 Seneca
1857 1573 1893 1637 de
1907 1574 2019 1639 consol.
2036 1575 2072 1639 ad
2087 1575 2233 1642 Marciam
2245 1601 2269 1643 c.
2282 1517 2351 1664 Ad.
2366 1578 2413 1646 5.:

456 1660 596 1746 „Oderat
618 1683 721 1726 omues
744 1672 855 1727 matres
889 1664 970 1727 etin
993 1662 1111 1727 Liviam
1133 1661 1260 1725 maxime
1281 1658 1413 1740 furebat,
1437 1659 1507 1743 quia
1527 1657 1683 1722 videbatur
1704 1656 1741 1721 ad
1770 1655 1851 1722 illius
1882 1658 1974 1722 filium
2004 1660 2152 1725 transisse
2181 1662 2239 1727 sibi
2267 1665 2415 1752 promissa

457 1745 621 1812 ΙοΙΙοΙΙοοέι
664 1744 827 1812 Caeterum
849 1712 886 1811 de
907 1747 952 1812 Μ.
974 1746 1121 1812 Marcello
1144 1745 1201 1810 rid.
1226 1745 1341 1809 lloack.
1366 1742 1386 1807 Ι.
1409 1743 1429 1809 l.
1454 1742 1476 1808 Ι.
1490 1741 1530 1805 .Ι.
1552 1764 1581 1830 p.
1603 1741 1676 1842 346.
1700 1762 1764 1827 sqq.
1909 1827 1916 1841 ¹

613 1828 762 1918 Quidquid
784 1832 849 1916 ejus
871 1832 917 1895 rei
937 1841 994 1913 est,
1017 1830 1091 1895 nihil
1114 1839 1195 1895 certe
1218 1830 1307 1893 Livia
1328 1835 1422 1891 morte
1445 1826 1490 1890 Μ.
1512 1826 1651 1892 Marcelli
1673 1832 1833 1891 consecuta
1855 1835 1885 1890 et
1908 1848 1939 1890 tn
1961 1825 2083 1913 longius
2106 1833 2220 1917 tempus
2243 1830 2335 1897 dilata
2357 1841 2414 1898 est.

458 1914 580 1980 Etenim
599 1914 758 2002 Augustus
779 1915 857 1980 baud
878 1916 922 1980 ita
942 1915 1034 1981 multo
1056 1923 1124 2004 post
1146 1917 1188 1992 (a.
1211 1912 1248 1978 U.
1272 1912 1306 1979 C.
1329 1911 1417 1989 733.,
1440 1911 1491 1975 21.
1514 1932 1541 1975 a.
1566 1908 1655 1997 Chr.)
1678 1911 1723 1976 M.
1745 1911 1909 1998 Agrippam
1932 1932 2077 1994 generum
2105 1914 2163 1977 sibi
2192 1917 2355 2004 assumpsit
2384 1926 2415 1983 ct

457 1999 647 2087 inpruximu
669 2001 727 2065 sibi
747 2000 872 2086 fastigio
895 1999 1063 2065 collocavit.
1085 1999 1123 2063 cl.
1140 1997 1293 2064 lloccl.l.
1316 1996 1335 2060 Ι.
1379 2042 1386 2057 .
1409 1993 1482 2060 343.
1505 2016 1570 2110 sqq.
1592 1996 1734 2059 Attamen
1754 1995 1889 2059 Fortuna
1902 1997 1967 2084 ipsa
1980 1996 2228 2093 coasiliaLiviae
2242 2002 2415 2089 peruiciosa

456 2082 581 2169 adjuvit,
604 2104 690 2171 quum
712 2084 758 2149 Μ.
781 2085 918 2173 Agrippa
939 2086 1096 2149 immatura
1116 2092 1211 2150 morte
1233 2104 1260 2146 a.
1283 2080 1322 2148 U.
1373 2078 1468 2146 ‚742
1491 2080 1558 2158 (12.
1580 2101 1609 2144 a.
1632 2078 1719 2161 Chr.)
1742 2081 1847 2146 obiret
1870 2081 1909 2146 cl.
1931 2079 2047 2148 lloeck.
2064 2080 2086 2144 Ι.
2100 2082 2118 2149 Ι.
2141 2082 2165 2150 Ι.
2187 2085 2217 2151 2.
2238 2104 2269 2171 p.
2293 2083 2343 2151 ΙΙ.
2366 2107 2382 2150 s
2404 2134 2413 2152 .

434 2167 527 2243 ·Qua
548 2178 643 2234 morte
665 2191 725 2233 non
749 2176 862 2234 tantum
884 2169 1020 2249 aemulus
1038 2168 1164 2234 liliorum
1185 2167 1294 2232 Liviae
1323 2166 1458 2231 sublatus
1490 2173 1554 2247 est,
1587 2164 1640 2229 scd
1670 2169 1758 2229 etiam
1787 2185 1864 2229 nova
1893 2185 1963 2252 spes
1990 2163 2082 2230 allata
2108 2174 2155 2232 est
2181 2168 2300 2233 consilii
2329 2170 2414 2236 lacii
2464 2242 2466 2247 ,

455 2254 581 2339 negotio
603 2252 788 2340 perficiendi.
831 2255 916 2327 Quae
938 2275 1007 2342 spes
1029 2255 1138 2318 Liviae
1159 2253 1257 2341 posita
1278 2260 1343 2317 erat
1363 2250 1394 2314 in
1418 2250 1604 2314 matrimonio
1627 2249 1747 2314 Tiberii
1775 2260 1807 2313 et
1828 2248 1945 2330 duliae,
1979 2251 2132 2340 Agrippae
2153 2251 2280 2336 aduae,
2309 2254 2413 2342 quibus

460 2337 577 2424 nuptiis
597 2338 791 2402 conciliandis
814 2337 942 2404 Tiberio
964 2339 1092 2403 animum
1114 2338 1247 2424 Augusti
1268 2352 1299 2400 et
1320 2336 1514 2424 principatum
1537 2334 1699 2400 conciliare
1719 2353 1809 2421 possa
1830 2334 1888 2397 sibi
1910 2331 2074 2399 videbatur.
2118 2336 2224 2423 ltaque
2246 2337 2416 2426 Augustum

457 2422 737 2572 ssmfflvfl‘idn
759 2422 1145 2573 spt‘llaciisgpuistpgllexip,
1174 2433 1207 2572 οἷ
1236 2422 1404 2573 privigpqm
1414 2421 1691 2572 4ippumugeppruup
1718 2424 1844 2567 lpgpret.
1864 2417 1906 2567 pa.
1929 2418 2014 2566 {net
2031 2419 2106 2573 θοΙ.
2128 2420 2197 2505 aa,
2220 2422 2293 2488 Tib.
2316 2445 2342 2574 cl.
2364 2425 2413 2525 7„

492 2528 521 2571 ou
622 2529 744 2572 .1r.
810 2529 867 2573 .c.
933 2530 980 2571 .e
1037 2526 1067 2572 a.
1142 2530 1211 2573 aer.
1265 2528 1315 2574 no.
1384 2548 1393 2569 .
1460 2525 1559 2570 .co.
1618 2525 1703 2569 uec.
1737 2549 1745 2566 .
1782 2548 1840 2567 ..
1906 2547 1981 2567 ..
2061 2526 2143 2570 erum
2194 2528 2328 2573 numve
2370 2530 2415 2577 erc

456 2608 531 2653 -mox
552 2610 567 2652 s
588 2610 634 2653 em
662 2612 745 2656 suam
767 2592 920 2692 deceptam
941 2592 1056 2657 videret
1076 2558 1176 2675 iniria,
1198 2614 1284 2678 quum
1305 2590 1463 2676 Augustus
1486 2588 1523 2657 C.
1545 2596 1576 2653 et
1595 2588 1635 2652 L.
1659 2523 2000 2654 Caesaresphouoribqus
2022 2588 2064 2652 ita
2079 2528 2207 2674 augerdt
2227 2599 2258 2657 st
2279 2602 2411 2678 ornarat,
2438 2611 2442 2621 ·

426 2678 495 2738 'ut
511 2610 587 2759 quid
604 2682 755 2771 spectaret
776 2677 910 2742 omnibus
933 2685 1101 2763 appareret,
1123 2675 1221 2741 scelus
1243 2675 1358 2739 scelere
1381 2674 1530 2772 cumulare
1552 2672 1716 2771 coustituit,
1737 2679 1770 2736 ut
1792 2672 2009 2770 snccessiopem
2033 2672 2095 2738 filio
2118 2684 2210 2738 tutam
2233 2687 2412 2764 praestaret.

463 2755 527 2831 Quo
549 2757 676 2821 consilto
698 2757 751 2822 illa
772 2761 915 2825 malorum
936 2762 1100 2826 facinorum
1130 2760 1329 2825 machinatrix
1359 2780 1483 2846 primum
1505 2756 1633 2839 dulram,
1664 2777 1749 2842 quam
1777 2756 1868 2820 filiam
1899 2777 2014 2820 unicam
2045 2759 2201 2844 Augustus
2224 2762 2415 2829 vehementer

458 2842 587 2923 amabat,
610 2853 642 2907 ut
662 2842 728 2907 sula
750 2851 842 2910 totum
864 2847 895 2909 iu
918 2854 1067 2933 potestate
1089 2847 1212 2910 baberet
1234 2843 1403 2930 Principem
1426 2863 1528 2907 senem
1551 2862 1626 2905 neve
1649 2844 1685 2904 ab
1708 2840 1760 2903 illa
1781 2841 1899 2926 incepta
1914 2842 2155 2929 perspicerentur
2177 2853 2208 2908 et
2233 2844 2413 2932 impediren-

459 2934 517 3001 tur,
540 2926 685 2992 insidiosa
706 2927 868 2994 calliditate
896 2950 1044 3014 aggressa
1073 2935 1181 2994 ust‘et
1207 2926 1362 2992 subvertit.
1384 2927 1422 2993 cf.
1452 2926 1568 2992 llueclt.
1591 2924 1610 2989 Ι.
1634 2926 1653 2991 Ι.
1677 2925 1701 2989 Ι.
1722 2924 1752 2987 2.
1774 2945 1805 3012 p.
1822 2924 1965 3072 ‚3⁴·.⁸q‡
1988 2936 2019 2990 et
2045 2926 2210 2991 Weicbert
2241 2926 2277 2993 de
2304 2927 2414 2996 Cassio

461 3010 623 3077 Parmensi
651 3010 779 3079 Excurs.
801 3013 840 3084 V.
884 3012 986 3081 .359.
1007 3034 1053 3100 sq.
1104 3012 1271 3078 0bstabant
1292 3009 1387 3076 adbuc
1408 3011 1513 3075 matris
1536 3011 1707 3098 impotentrs
1736 3012 1945 3073 macbrnatrour
1968 3031 2003 3074 us
2031 3009 2067 3078 C.
2094 3021 2126 3075 et
2146 3010 2186 3079 L.
2209 3010 2357 3080 Caesares
2383 3024 2415 3082 et

459 3096 599 3187 Agrippa
620 3096 790 3180 Postumus,
812 3096 912 3163 Julrae
934 3111 965 3163 et
985 3097 1031 3162 Μ.
1053 3097 1210 3186 Agrippae
1231 3097 1296 3177 filii,
1338 3096 1368 3158 ui
1389 3098 1493 3182 quovis
1514 3097 1601 3160 modo
1624 3093 1747 3159 tollendi
1770 3101 1866 3177 erant,
1888 3104 1921 3156 ut
1941 3105 2062 3182 praeter
2075 3095 2234 3162 Tiberium
2256 3120 2342 3165 nemu
2364 3121 2413 3165 es·

459 3181 591 3270 set„qui
612 3202 770 3246 successor
791 3182 828 3247 ab
851 3182 989 3269 Augusto
1012 3181 1087 3327 eligi
1106 3192 1217 3270 posset.
1229 3179 1286 3254 ΠΙ
1317 3118 1508 3278 dlecdeluss
1528 3177 1637 3277 Liviae
1666 3178 1853 3277 consiliunt,
1880 3178 1957 3242 Nam
1987 3179 2158 3279 Augustus,
2189 3189 2222 3246 ut
2249 3182 2413 3251 Suetonius
2491 3258 2498 3279 ,

446 3263 566 3332 ,Octara
589 3288 615 3332 c.
636 3266 689 3331 65.
712 3267 831 3343 scribit,
853 3266 982 3347 „Gajum
1005 3273 1036 3326 et
1089 3267 1184 3326 nciam
1204 3268 1237 3328 in
1259 3262 1383 3326 duodeni
1421 3272 1463 3324 uti
1484 3284 1628 3325 menarum
1649 3272 1747 3349 spatio
1769 3272 1869 3327 amrsrt
1889 3264 2002 3344 ambos,
2026 3267 2102 3349 CaJu
2124 3265 2155 3331 iu
2177 3264 2294 3353 Lycia,
2315 3268 2413 3336 Lucio

462 3347 622 3414 Massiliae
651 3346 833 3410 deiunctis.“
876 3346 1042 3431 Utrumque
1069 3367 1216 3412 novercae
1242 3345 1352 3410 Liviae
1399 3344 1448 3409 olo
1475 3343 1605 3407 ablatum
1636 3365 1704 3407 esse
1733 3355 1763 3408 et
1794 3358 1911 3409 veteres
1938 3347 2081 3433 suspicati
2111 3361 2181 3414 sunt
2205 3351 2283 3432 (vid.
2312 3353 2415 3419 Tacit

462 3432 543 3530 Anu.
565 3431 590 3496 Ι.
613 3430 662 3512 3.,
684 3430 744 3527 [lio
766 3428 853 3530 Cass,
868 3430 928 3530 ⁶55,
952 3430 1021 3511 ll.,
1044 3428 1158 3494 Zonar.
1181 3450 1208 3579 p
1231 3430 1304 3497 539.
1327 3430 1366 3496 Ι).
1390 3438 1422 3493 et
1443 3427 1523 3492 Pliu.
1544 3428 1585 3493 N.
1607 3427 1649 3492 H.
1671 3428 1744 3496 Vll.
1765 3424 1818 3494 45.
1839 3436 1868 3501 t.
1891 3426 1988 3525 lib),
2010 3440 2042 3495 et
2062 3430 2180 3532 dubium
2202 3457 2263 3500 uon
2287 3445 2343 3536 ,est
2363 3439 2414 3523 iis,

461 3512 1465 3686 lab,l,tlbadlttl‘stultltiltlbllttl
1480 3511 1575 3661 'dal
1588 3510 1820 3684 illinit
1840 3513 1979 3695 lilll
1994 3536 2415 3691 bllallllalltll’b

461 3694 569 3772 postea
582 3686 722 3768 Augusto
735 3685 884 3749 exstincto
895 3682 932 3749 de
947 3685 1042 3750 medio
1057 3683 1192 3749 sublatus
1208 3691 1263 3749 est.
1277 3682 1315 3748 cs.
1327 3682 1429 3748 Tacit.
1445 3683 1523 3749 Anu.
1539 3682 1565 3747 Ι.
1576 3682 1608 3748 3.
1621 3695 1653 3746 et
1664 3682 1712 3766 6.,
1735 3682 1820 3747 Suet.
1838 3681 1911 3747 Trb.
1924 3704 1950 3746 c
1960 3685 2013 3748 22.
2030 3684 2146 3774 llueclr.
2160 3685 2179 3753 Ι
2196 3623 2217 3755 ΙΙ
2236 3710 2265 3776 p.
2285 3689 2355 3754 ΙΙΙ).
2368 3712 2414 3779 sq.

613 3767 697 3841 Quas
719 3768 756 3832 ob
778 3789 828 3833 ras
846 3769 1090 3855 juremeritoquc
1112 3768 1213 3850 Livia,
1234 3788 1310 3854 quae
1330 3766 1484 3832 fraudibus
1506 3766 1728 3853 sceleribusque
1750 3766 1912 3848 effecisset,
1935 3777 1967 3831 nt
1980 3771 2147 3857 exstirpata
2161 3772 2293 3859 Augusti
2307 3776 2412 3842 sobole

462 3851 607 3919 Tiberius
630 3850 743 3916 ciuitati
763 3850 910 3941 Princeps
931 3853 1144 3941 imponeretur,
1165 3874 1184 3917 a
1206 3852 1318 3917 Tacito
1339 3852 1421 3917 Ano.
1443 3851 1470 3916 Ι.
1493 3849 1545 3918 ΙΙ).
1567 3851 1737 3941 appellatur
1756 3854 1862 3935 grauis
1881 3854 1918 3917 itt
1938 3857 2179 3940 rempublicam
2198 3868 2317 3942 muln,
2339 3877 2412 3942 pru·

461 3939 510 4004 ou
529 3939 640 4002 durum
660 3935 833 4003 Cossorum
854 3956 1002 4003 nounco.
1539 3963 1541 3968 ·

617 4021 711 4094 Quum
734 4032 831 4086 autem
853 4042 873 4085 a
893 4022 983 4086 Liria
1004 4019 1116 4086 nullum
1136 4020 1264 4104 lucinus,
1284 4018 1365 4086 nulla
1386 4020 1472 4086 fraus
1493 4020 1623 4085 abluerit
1641 4021 1680 4084 ab
1702 4033 1796 4106 etque
1816 4019 1971 4109 impotenti
1992 4020 2025 4085 in
2047 4020 2205 4089 'Iiberinm
2233 4024 2331 4093 studio
2359 4025 2412 4093 do·

463 4103 652 4191 minandique
674 4104 834 4193 cupiditate
856 4105 1070 4171 scelestissima
1091 4128 1222 4206 quaeque
1243 4114 1383 4194 suscepta
1404 4106 1477 4189 sint,
1500 4112 1560 4171 nou
1580 4106 1722 4172 abhorret
1742 4106 1780 4168 ab
1802 4104 1867 4190 ejus
1889 4105 1988 4170 auimo
2013 4106 2125 4171 crimen
2155 4110 2260 4176 mortis
2281 4110 2413 4198 Augusti
2555 4113 2559 4122 '

462 4181 616 4256 t'ncdicatis
637 4189 749 4254 licubus
770 4189 966 4272 acceleratae,
986 4190 1062 4277 quod
1085 4212 1113 4256 cr
1134 4190 1270 4256 nonnulli
1290 4191 1489 4278 impegerunt,
1510 4197 1542 4256 ut
1561 4199 1687 4255 amant
1699 4187 1860 4255 DiuCass.
1881 4188 1934 4254 56.
1957 4212 1982 4255 ο.
2003 4189 2056 4256 30.
2070 4192 2137 4257 οοΙΙ.
2150 4193 2237 4263 Libe.
2257 4195 2310 4261 55.
2319 4218 2345 4263 c.
2358 4198 2411 4264 23.

464 4281 496 4340 et
517 4274 660 4340 Aurelius
683 4273 797 4358 Victor,
819 4277 869 4362 qui
890 4275 923 4340 in
943 4274 970 4340 E
992 4278 1024 4343 it.
1045 4297 1073 4345 c.
1096 4275 1126 4342 l.
1148 4276 1175 4359 §-
1196 4274 1247 4343 29.
1268 4276 1389 4340 scribite
1412 4276 1542 4358 „Annos
1563 4285 1678 4364 septem
1695 4286 1726 4340 et
1739 4274 1931 4362 septuaginta
1944 4275 2101 4361 ingressus
2113 4277 2300 4364 (Augustus)
2312 4280 2413 4346 Nolae

464 4359 568 4424 morbo
590 4359 711 4424 interiit
755 4357 929 4446 Quanquam
944 4360 996 4424 alti
1016 4360 1162 4442 scribunt,
1182 4359 1252 4425 dolo
1264 4359 1374 4425 Liviae
1395 4360 1585 4443 exstinctum,
1606 4360 1775 4441 metuentis,
1796 4381 1846 4441 ne,
1867 4359 1936 4444 quia
1949 4361 2113 4507 privignas
2134 4361 2225 4428 lilium
2236 4365 2313 4483 Agri
2334 4385 2413 4452 pam,

439 4479 447 4491 ι
484 4463 550 4507 uem
569 4442 640 4526 odio
661 4442 814 4508 novercali
834 4446 865 4508 in
887 4444 1013 4509 insulam
1034 4444 1234 4530 relegaverat,
1255 4444 1355 4509 reduci
1378 4467 1440 4510 com
1463 4452 1572 4528 ererat,
1594 4466 1631 4510 eo
1652 4464 1794 4509 summam
1815 4463 1948 4508 rerums
1969 4455 2037 4533 epto
2050 4466 2161 4533 poenas
2175 4447 2293 4518 daret‘
2314 4384 2411 4521 Cusus

463 4464 501 4592 dc
523 4527 677 4592 medicatis
697 4528 810 4592 ficubus
832 4550 882 4593 sus
904 4529 1029 4594 iciouem
1056 4530 1146 4594 ctiam
1177 4528 1305 4593 Tacitus
1332 4527 1414 4595 Anu.
1437 4466 1461 4597 Ι.
1482 4528 1512 4596 5.
1540 4529 1664 4617 respicit
1692 4530 1778 4614 eique
1806 4526 1892 4591 fidem
1920 4528 2039 4592 videtur
2059 4528 2234 4616 adjungere.
2276 4532 2413 4601 Fuerunt

462 4611 545 4676 iuter
566 4612 760 4694 recentiores,
782 4612 831 4698 qui
852 4549 939 4677 fidem
961 4614 1029 4678 huic
1050 4613 1212 4703 suspicioni
1232 4612 1428 4699 denegarent,
1450 4612 1527 4700 quud
1549 4632 1663 4679 venenu
1731 4612 1830 4677 assari
1856 4612 1883 4677 si
1910 4612 2057 4677 noluisset
2082 4613 2206 4697 mulier,
2235 4616 2264 4681 id
2291 4638 2354 4684 nun
2378 4617 2413 4683 in
2442 4649 2449 4662 r

464 4716 576 4761 annum
597 4695 745 4765 LXXVI.
767 4697 865 4761 mariti
888 4695 1063 4763 distulisset.
1107 4697 1191 4772 Quae
1212 4697 1379 4763 ratiuncula
1408 4717 1469 4763 non
1497 4699 1645 4764 satisfacit
1742 4696 1955 4777 refellendum,
1982 4704 2017 4761 nt
2040 4697 2103 4783 jam
2125 4697 2256 4764 Wolbus
2277 4701 2314 4766 sd
2338 4702 2368 4766 b.
2389 4700 2412 4766 Ι.

465 4780 590 4846 monuit.
633 4779 719 4861 Nam,
741 4788 774 4845 ut
795 4803 833 4846 cx
855 4782 959 4847 Taciti
981 4784 1000 4850 l.
1022 4783 1045 4849 l.
1067 4790 1200 4871 apparet,
1222 4783 1372 4848 metuebat
1392 4781 1494 4866 Livia,
1516 4804 1556 4847 ne
1578 4784 1752 4869 Augustus,
1793 4783 1822 4846 ui
1844 4780 1919 4846 chm
1941 4783 2001 4845 iter
2020 4780 2052 4845 in
2074 4781 2246 4849 Planasiam
2277 4785 2413 4870 lecisset,

468 4863 632 4952 Agrippam
654 4862 826 4932 Postumum
848 4888 887 4931 ex
916 4866 1016 4933 insula
1043 4883 1197 4934 revocaret
1221 4872 1256 4936 ct
1280 4889 1484 4934 successorem
1510 4869 1715 4933 constitueret.
1763 4804 1849 4941 (duod
1876 4866 2031 4931 consilium
2060 4866 2230 4953 prinsquam
2257 4869 2414 4958 pmfiasre-

469 4954 516 5018 bur
537 4960 568 5014 st
589 4948 735 5015 Tiberius
756 4950 871 5037 imperii
892 4951 1076 5042 adipiscendi
1096 4973 1151 5103 spe
1171 4953 1335 5038 excideret,
1355 4953 1550 5018 acceleranda
1568 4952 1676 5016 Liviae
1695 4950 1852 5017 ridebatur
1871 4949 2003 5037 Augusti
2024 4971 2115 5017 murs.

616 5032 701 5107 Quae
722 5032 814 5099 fuerit
833 5035 941 5103 Liviae
962 5037 1111 5104 necessitu
1131 5058 1150 5102 ο
1171 5059 1237 5103 cum
1250 5040 1298 5104 Au
1358 5047 1389 5103 tu
1410 5046 1443 5104 ct
1456 5037 1584 5102 Tiberio
1597 5036 1726 5103 Tacitus
1747 5056 1830 5101 mors
1850 5055 1905 5101 suu
1928 5035 2054 5122 egregie
2074 5036 2177 5123 paucis
2197 5038 2297 5104 uerbis
2318 5038 2344 5104 si
2390 5038 2399 5055 '

465 5114 566 5181 licaril
592 5117 656 5184 bis:
683 5138 755 5185 cum
782 5118 905 5188 artibus
925 5125 1048 5206 mariti,
1081 5059 1356 5208 sbuulutt'oacddd
1383 5124 1458 5190 beru
1486 5127 1677 5205 composito:
1707 5142 1783 5208 quae
1805 5120 1896 5185 rerba
1923 5133 2006 5184 recte
2029 5122 2243 5210 interpretatus
2265 5130 2313 5187 est
2370 5123 2413 5189 al·

465 5201 586 5267 tbcrus:
609 5202 750 5285 „luviem
773 5204 861 5271 talem
883 5207 987 5291 luisse,
1010 5206 1125 5295 qualem
1148 5230 1217 5275 esse
1238 5209 1414 5298 oportuerit,
1444 5216 1477 5273 ut
1497 5207 1739 5273 consuetudinem
1761 5228 1828 5271 cum
1847 5206 1953 5270 marito
1975 5206 2089 5269 artibus
2116 5216 2146 5270 et
2168 5205 2330 5272 calliditate
2351 5207 2414 5297 pls·

464 5306 503 5350 nu
525 5295 557 5351 et
578 5308 644 5351 curn
665 5287 727 5353 filio
749 5288 905 5356 abstrusae
928 5292 1125 5359 simulationis
1148 5293 1225 5359 bene
1247 5294 1391 5359 toleraret
1413 5301 1444 5358 et
1464 5292 1531 5357 sine
1553 5292 1670 5357 offensa
1691 5298 1808 5378 ageret,
1830 5291 1860 5354 h.
1882 5312 1908 5357 e.
1931 5296 1962 5353 et
1982 5289 2076 5378 ipsam
2092 5289 2229 5358 callidam
2244 5301 2276 5357 et
2297 5291 2416 5357 simula·

466 5370 557 5434 tionis
578 5391 704 5457 gnaram
723 5373 851 5443 luisse.“
895 5373 981 5449 Quod
1003 5379 1040 5444 olr
1061 5379 1215 5465 ingenium
1237 5378 1315 5445 haud
1337 5378 1457 5462 inficeto
1479 5378 1555 5443 banc
1574 5377 1725 5464 proaviam
1747 5397 1831 5442 suam
1853 5372 1994 5462 Caligula
2017 5372 2137 5441 Ulixen
2158 5378 2307 5443 stolatum
2332 5374 2416 5442 iden·

536 5654 583 5726 13)
601 5658 791 5718 Germanicum
809 5664 880 5719 eninr
898 5665 1131 5752 adolescepmlum
1148 5671 1180 5720 ut
1197 5665 1350 5736 depelleret
1366 5665 1457 5721 uerbis
1474 5682 1508 5720 sc
1524 5664 1654 5735 precibus
1672 5664 1699 5719 si
1716 5662 1839 5732 contigit,
1857 5662 1897 5722 si.
1913 5658 2006 5718 Tsslt.
2021 5660 2095 5719 Aac.
2109 5661 2155 5719 lv.
2172 5669 2302 5814 sglpxtr.
