5717 6575
969 608 1223 696 ,remum
1244 607 1489 680 MAGISTRIS
1510 608 1569 681 AC
1590 608 1777 680 sunaus,
2336 614 2386 689 41

391 806 507 885 doras
525 807 791 901 Perpomsrsus,
815 797 877 900 qui
899 805 1111 898 praeoeptor
1131 797 1344 899 Apolloniae
1366 797 1528 875 Caesaris
1562 798 1717 901 Augusti
1751 797 1843 893 fuit,
1872 801 1909 872 et
1944 799 2151 874 l'lseodoros
2180 799 2386 891 Gadareus,

391 923 459 1025 qul
480 945 523 999 se
543 916 612 995 diei
634 918 758 993 malriit
778 923 983 996 ltlrodiumr
1017 943 1122 1017 mem
1147 916 1321 1023 xstudiose·
1345 917 1505 1013 audisse,
1537 944 1618 993 eum
1651 918 1691 991 in
1721 942 1799 992 mm
1829 918 1979 993 imolam
2006 917 2227 1012 secessisset,
2256 913 2387 991 dieitur

390 1040 562 1119 Tiberias
587 1037 732 1117 Goesar.
781 1037 831 1112 lli
852 1034 1013 1110 diversas
1037 1035 1220 1136 opiniones
1242 1034 1479 1131 madiderunt,
1505 1036 1740 1138 appellatique
1762 1033 1845 1111 inde
1867 1038 2093 1132 Apollodorei
2116 1043 2151 1110 et
2176 1040 2386 1131 lbsodorri,

391 1156 445 1241 ad
463 1182 599 1235 moram
622 1163 737 1233 sedas
761 1156 800 1233 io
820 1154 1039 1259 philosophia
1059 1161 1172 1230 sectas
1193 1153 1374 1256 sequendi.
1424 1153 1501 1232 Sed
1522 1153 1732 1256 Apollodori
1765 1160 1955 1256 praesepta
1989 1153 2102 1255 magis
2132 1180 2180 1229 ex
2204 1153 2387 1257 discipulis

393 1302 612 1384 mguosoas,
634 1300 787 1377 quorum
811 1273 1103 1377 diligentissimus
1133 1273 1174 1348 iu
1195 1271 1366 1349 tradendo
1399 1272 1469 1348 luit
1485 1273 1621 1349 Latine
1654 1275 1695 1350 C.
1728 1274 1897 1375 Valgius,
1931 1272 2066 1350 Greeee
2099 1273 2244 1350 Atticm.
2293 1274 2387 1350 Nam

395 1399 513 1503 ipsios
539 1398 616 1472 sola
638 1392 777 1470 videtur
800 1395 873 1469 Ars
897 1392 989 1469 edita
1012 1391 1058 1466 ad
1082 1393 1250 1487 Matium,
1285 1393 1369 1493 qssia
1386 1401 1551 1469 eaeteres
1586 1394 1695 1468 olima
1719 1391 1766 1467 ad
1789 1394 1983 1468 Domitium
2007 1393 2156 1492 epistola
2179 1419 2251 1468 non
2274 1419 2387 1496 abeno·

395 1516 569 1615 ¹⁰p'ssal)
612 1513 700 1595 Jam
720 1514 890 1614 nequis,
916 1512 1124 1610 Quintiliani
1146 1511 1265 1587 verbis
1286 1510 1451 1586 induotus
1460 1561 1475 1598 ,
1510 1513 1692 1613 opinetur,
1720 1510 1979 1613 Apollodorum
2002 1513 2214 1612 Apolloniae
2245 1539 2386 1615 quoquo

396 1634 484 1715 ludo
508 1639 630 1736 aperto
655 1632 836 1728 demisse,
863 1636 1014 1732 ejusque
1036 1630 1133 1704 fama
1156 1632 1322 1705 allectum
1345 1631 1548 1732 Augustum
1566 1632 1604 1705 in
1626 1632 1684 1705 illa
1714 1631 1803 1706 urhe
1835 1635 1912 1730 ejus
1947 1629 2111 1705 audiendi
2136 1657 2263 1707 eaussa
2288 1659 2388 1708 eom·

396 1751 576 1831 moratuni
597 1776 697 1847 esse,
720 1758 839 1826 vetant
862 1776 924 1846 ea,
949 1774 1039 1851 quae
1066 1773 1089 1823 a
1113 1748 1282 1825 Suetonio
1306 1775 1339 1825 e.
1363 1754 1427 1827 89.
1452 1749 1579 1824 badita
1601 1751 1773 1851 legimuss
1811 1750 1900 1845 „Ne
1924 1748 2141 1826 Graecarum
2165 1749 2310 1853 quidem
2332 1752 2390 1828 di·

398 1872 629 1974 stiplinarum
647 1871 779 1947 leviore
800 1867 913 1945 studio
937 1866 1143 1944 tenebaturr
1175 1867 1214 1941 in
1237 1868 1364 1969 quibus
1390 1875 1427 1943 et
1448 1869 1537 1970 ipsis
1561 1870 1706 1970 largiter
1723 1870 1941 1970 praestabat,
1962 1870 2130 1970 magistro
2148 1869 2282 1945 dioeudi
2299 1898 2388 1948 usus

396 1989 623 2094 Apollodoro
638 1990 878 2092 Pergameno,
902 2014 1007 2089 quem
1026 1991 1104 2087 jam
1126 1986 1299 2089 grandem
1321 1994 1406 2062 natu
1429 1988 1658 2088 Apolloniam
1683 2013 1824 2088 quoque
1840 2013 1959 2065 seeum
1981 1987 2027 2061 ab
2041 1988 2139 2064 Urbe
2158 1991 2297 2090 juvenis
2323 1991 2390 2066 ad·

399 2108 472 2187 huo
493 2108 704 2185 elmene‘
752 2108 812 2184 Ex
837 2131 907 2208 quo
932 2108 1010 2181 looo
1034 2105 1119 2206 quid
1143 2110 1197 2180 est
1222 2104 1437 2201 evidentius,
1463 2132 1570 2207 quam
1590 2108 1797 2208 Augustum
1817 2111 1892 2207 jam
1917 2114 2016 2202 ante,
2043 2133 2151 2208 quam
2166 2109 2390 2209 Apolloniam

398 2229 614 2325 mitteretur,
637 2227 773 2302 Romae
794 2225 969 2301 audivisse
990 2221 1264 2325 Apollodorum,
1298 2226 1475 2300 rhetorem
1505 2225 1695 2302 Graecum.
1745 2226 1891 2301 Avero
1917 2227 2061 2301 nriniroe
2090 2228 2274 2324 abhorret,
2309 2231 2389 2305 Au-

397 2354 548 2452 gustum
566 2372 639 2423 uno
664 2345 858 2445 sedensque
880 2351 1040 2444 tempore
1054 2342 1185 2418 Latino
1211 2350 1248 2417 et
1270 2343 1407 2419 Graeco
1426 2346 1576 2438 rhetori,
1605 2342 1736 2446 Epidio
1762 2353 1797 2419 et
1815 2343 2048 2446 Apollodoro,
2072 2370 2214 2446 operam
2235 2345 2388 2427 dedisse.

399 2464 659 2567 Apollodorum
682 2464 728 2541 ab
747 2464 842 2542 Julio
868 2461 1023 2537 Caesam
1044 2463 1209 2563 Augusto
1231 2462 1456 2563 Apolloniam
1481 2467 1675 2564 praemisso
1700 2463 1824 2537 mmm
1846 2489 1928 2539 esse
1953 2462 2092 2537 dioendi
2116 2463 2324 2566 magistrum
2348 2495 2390 2545 ao

401 2585 510 2661 simul
530 2584 572 2660 in
592 2608 696 2659 emm
717 2581 948 2683 expolitionis
973 2581 1157 2656 Partliioae
1188 2587 1326 2680 tempus
1367 2584 1531 2656 eomitem
1568 2608 1610 2657 ae
1638 2582 1753 2657 veluti
1778 2585 1972 2681 iuventutis
2000 2591 2195 2679 restorem,
2221 2586 2392 2685 probabili

402 2707 606 2804 oonjeotura
628 2700 726 2777 duoti
749 2702 930 2801 posuimus
953 2725 1066 2801 supra
1090 2711 1123 2791 §.
1141 2703 1177 2775 7.
1228 2698 1343 2774 Roma
1364 2702 1421 2775 ille
1446 2699 1595 2777 ednotus
1618 2726 1698 2777 esse
1722 2700 1848 2775 dieitur
1866 2700 2105 2804 jam'grnndis
2128 2711 2233 2780 nabis
2265 2703 2301 2778 id
2327 2732 2392 2782 ve·

402 2848 486 2899 mm
507 2845 606 2919 esse,
631 2824 690 2895 vel
713 2819 794 2894 inde
815 2820 1039 2920 intelligitur,
1062 2842 1145 2893 omn
1165 2819 1241 2917 jam
1263 2844 1354 2893 suno
1376 2820 1421 2895 U.
1448 2819 1490 2895 C.
1515 2824 1603 2898 691.
1629 2846 1660 2896 s.
1684 2824 1766 2914 63„
1791 2844 1862 2921 quo
1882 2846 1973 2895 anno
1992 2821 2178 2922 Augustus
2200 2829 2305 2898 natus
2324 2834 2391 2921 est,

401 2946 497 3017 teste
518 2939 760 3037 Hieronymo,
784 2940 901 3013 elarus
927 2938 1066 3012 habitus
1090 2938 1208 3032 siem)
1258 2935 1341 3011 Etsi
1367 2964 1539 3038 nusquam
1562 2938 1727 3013 traditum
1753 2940 1915 3039 legimus,
1937 2939 2189 3037 Apollodorum
2208 2966 2288 3016 oum
2308 2946 2391 3020 alu·

404 3084 490 3136 anno
512 3084 601 3146 suo,
625 3066 709 3159 post
728 3056 812 3149 Julii
836 3057 994 3133 Caesaris
1016 3057 1215 3146 interitum,
1241 3055 1279 3129 in
1297 3057 1433 3132 Urbem
1450 3057 1614 3149 rediisse3
1646 3067 1764 3132 tamen
1788 3057 1863 3131 veri
1889 3063 1945 3130 est
1962 3057 2192 3156 sisuillimum,
2218 3061 2390 3159 eumdem,

404 3180 470 3282 qui
491 3178 607 3254 Roma
628 3177 774 3253 eductus
797 3174 923 3250 suisset
946 3176 1112 3275 magister
1135 3174 1292 3273 vitaeque
1315 3174 1535 3272 moderator,
1560 3178 1666 3251 etiam
1693 3175 1879 3250 reductum
1899 3200 1980 3250 esse
1994 3183 2047 3270 et,
2080 3176 2195 3277 quoad
2217 3183 2294 3279 ejus
2313 3181 2393 3258 fieri

404 3305 553 3401 posset,
577 3296 947 3398 dioeudimagistrum
969 3293 1178 3370 adhibitum.
1229 3292 1309 3390 Qua
1322 3294 1367 3370 de
1383 3320 1508 3371 ooussa
1531 3315 1602 3371 uon
1625 3321 1759 3390 vereor,
1785 3321 1832 3369 ne
1847 3319 2063 3395 magnopere
2086 3296 2199 3394 fallar,
2224 3301 2394 3403 siApol.

404 3414 572 3494 lodorum
595 3417 640 3494 ab
664 3417 829 3518 Augusto
855 3441 926 3490 non
950 3412 1057 3488 modo
1081 3439 1148 3514 per
1172 3421 1340 3490 aestatem
1366 3416 1448 3488 anni
1473 3416 1519 3490 U.
1545 3413 1585 3490 G.
1611 3419 1700 3492 710.
1723 3440 1753 3489 s.
1767 3418 1828 3490 44.
1855 3438 1921 3514 per
1942 3415 2053 3488 otium
2063 3413 2201 3490 Romae
2221 3418 2393 3519 auditum,

405 3534 596 3614 sedetiam
617 3536 654 3610 in
674 3536 807 3611 bellum
832 3534 1030 3610 Mutinense
1053 3531 1270 3610 declamandi
1294 3559 1422 3608 oaussa
1440 3531 1633 3608 abduotum
1654 3532 1767 3608 fuisse
1785 3533 1956 3633 suspicor.
2007 3531 2261 3622 Genesaram,
2285 3564 2394 3638 quum

403 3652 513 3732 Libr.
543 3654 651 3730 XIII.
674 3679 706 3731 o.
731 3659 771 3732 4.
794 3666 826 3746 §.
850 3658 887 3729 3.
917 3652 1025 3727 Τοιιι.
1049 3650 1095 3728 V.
1120 3679 1158 3753 p.
1181 3657 1270 3729 464.
1298 3653 1366 3727 Ta.
1391 3652 1535 3727 soribit:
1567 3646 1750 3724 Μάλιστα
1775 3648 1817 3725 δὲ
1844 3652 1947 3747 ἐξῆρε
1971 3648 2040 3725 τὸν
2060 3648 2345 3754 Ἀπολλόδωρον
2367 3656 2391 3755 ἢ

405 3778 481 3850 τοῦ
494 3769 687 3870 Καίσαρος
708 3768 816 3871 φιλία
836 3774 907 3844 τοῦ
925 3768 1149 3867 Σεβαστοῦ,
1175 3763 1410 3845 διδάσκαλον
1425 3775 1506 3843 τῶν
1522 3764 1647 3870 λόγων
1661 3764 1881 3870 γενόμενον,
1902 3770 2006 3843 istam
2015 3754 2301 3870 Apollonieusem
2312 3800 2393 3854 eum

405 3873 627 3992 Apollodoro
654 3885 857 3989 διατριβὴν
881 3888 1041 3989 Augusti
1070 3890 1132 3963 vix
1166 3895 1375 3964 semestrem
1408 3914 1479 3962 non
1506 3895 1643 3989 poterat
1673 3890 1786 3962 solam
1809 3889 2001 3988 respicere.
2051 3887 2250 3964 Reseranda
2274 3896 2394 3991 potius
2516 3976 2521 3988 ,

407 4009 496 4086 baee
510 4017 596 4086 suut
618 4008 666 4084 ad
678 4010 940 4084 Triumviratus
959 4016 1135 4107 tempora,
1158 4033 1249 4107 quae
1263 4006 1519 4108 Apollodorus,
1540 4029 1650 4081 senex
1676 4006 1755 4080 sere
1776 4006 2078 4108 septuagenarius,
2101 4007 2237 4084 Romae
2259 4011 2306 4105 in
2323 4017 2394 4091 otio
2436 3990 2440 4003 Ι

407 4131 630 4231 mugisse
654 4136 692 4204 et
713 4128 866 4229 Augusti
888 4129 1002 4229 gratia
1026 4134 1062 4200 et
1092 4127 1243 4202 mmoitia
1266 4126 1427 4201 floruisse
1461 4124 1711 4200 existimandus
1740 4132 1804 4199 est.
1855 4125 1980 4225 Neque
2014 4133 2131 4200 tamen
2152 4127 2219 4203 hoo
2249 4137 2394 4234 tamque

408 4256 552 4350 potente
573 4247 670 4323 illius
691 4246 906 4340 Triumviri,
933 4244 1092 4346 discipuli
1117 4272 1233 4347 nuper
1256 4247 1330 4341 sui,
1353 4244 1473 4321 lavore
1498 4250 1636 4344 poterat
1657 4243 1792 4345 legibus
1815 4244 1904 4343 eripi
1929 4243 1969 4317 in
1993 4268 2117 4318 caussa
2132 4245 2303 4346 veneficii,
2330 4278 2395 4327 eu.

403 4369 472 4470 jas
503 4393 605 4444 mum
636 4367 771 4442 foetum
806 4390 887 4441 eum
913 4390 993 4441 esse
1019 4365 1169 4440 arbitror
1194 4365 1262 4440 sub
1291 4365 1426 4440 exitum
1458 4363 1597 4463 imperii
1621 4362 1857 4438 tdumviralis.
1866 4362 1921 4460 93)
1969 4361 2062 4438 Nam
2090 4364 2184 4438 hune
2205 4365 2393 4480 rbetorem,

444 4700 457 4722 .‚
478 4649 528 4720 01)
548 4651 593 4706 os
611 4650 665 4706 boe
681 4646 838 4709 Quintiliani
859 4654 921 4706 loeo
942 4650 1055 4706 disserui
1076 4650 1105 4706 io
1128 4651 1277 4707 Commeat
1299 4652 1332 4705 dr
1354 4651 1383 4705 0.
1424 4649 1510 4718 niem,
1528 4651 1599 4720 qnod
1615 4649 1643 4705 in
1659 4649 1781 4704 veneficii
1798 4647 1898 4704 caussis
1915 4648 2003 4705 Pollio
2020 4651 2174 4721 susceperit.
2207 4655 2267 4710 Hoc
2283 4674 2394 4715 numero

413 4735 510 4806 rapt·
524 4738 601 4806 Rasa
621 4735 652 4792 in
671 4737 748 4792 Poet.
770 4738 848 4791 Rom.
865 4736 952 4806 Reliq.
969 4737 1062 4806 p.aa³.
1079 4739 1141 4791 ooll.
1158 4756 1184 4807 p.
1201 4736 1273 4805 2414,
1288 4736 1383 4805 quibus
1424 4736 1535 4790 ritorto
1556 4752 1667 4789 mursae
1689 4735 1848 4803 gravitatem
1869 4736 2013 4804 spectarit,
2031 4736 2099 4790 nibil
2117 4736 2204 4793 babeo
2221 4743 2292 4810 quod
2308 4759 2395 4813 oppo-

366 4843 371 4848 ·
411 4835 485 4874 mo
501 4821 572 4875 adds
588 4837 657 4890 quae
673 4820 781 4890 scripsit
789 4822 1003 4874 Weatermannus
1018 4820 1047 4873 in
1064 4821 1133 4876 nisa
1150 4823 1228 4889 Eloq.
1241 4820 1289 4875 Gr.
1301 4818 1381 4888 §.se
1424 4837 1499 4884 naim
1521 4820 1563 4873 ain
1581 4827 1683 4889 templus
1700 4825 1728 4873 et
1744 4819 1865 4872 ordinem
1882 4835 2035 4873 caumatum
2051 4820 2204 4888 significare
2219 4827 2316 4893 voluit,
2338 4843 2394 4883 non

411 4909 444 4960 at
462 4903 572 4961 iafl'ut.
586 4903 666 4974 llloq.
688 4905 766 4961 Rom.
782 4902 810 4972 §-
828 4906 872 4961 79.
893 4906 955 4960 eoll.
976 4903 1145 4973 Bsmlmrdyi
1167 4906 1317 4960 (lnodrlas
1334 4906 1382 4960 der
1423 4911 1465 4957 est
1481 4905 1589 4957 ‹lubinm
1606 4905 1670 4973 quin
1686 4904 1824 4958 erraverit.
1857 4904 2016 4973 Apollodori
2028 4911 2149 4959 seomtos
2165 4910 2267 4976 madet,
2283 4909 2394 4965 ntlaauo

410 4989 521 5044 Μή.
535 4990 691 5046 liberm
706 4991 786 5046 Tem.
803 4992 825 5046 1.
840 5007 869 5060 p.
884 4990 945 5045 403.
1422 4988 1546 5042 rembolt
1561 5004 1683 5041 musam
1699 5004 1716 5042 a
1732 4988 1854 5042 Pollione
1874 4994 1961 5048 acum
1977 5005 2173 5059 praeponamus
2188 4985 2282 5046 Nonio'
2293 4992 2395 5062 Aspre-

481 5105 530 5176 01)
548 5108 618 5163 llam
638 5123 698 5164 rem
719 5108 852 5162 subtiliter
872 5107 908 5161 ad
928 5109 1046 5162 moulon
1065 5123 1164 5163 rorare
1184 5106 1284 5162 studuit
1304 5108 1336 5163 P.
1353 5108 1383 5162 S.
1423 5072 1481 5125 ἰώ
1507 5078 1536 5125 ‘³‘
1556 5072 1682 5138 M⁰'⁰¹¹⁰’
1710 5071 1813 5168 ,Μή
1834 5073 2016 5170 pfffssmfw’
2043 5075 2161 5141 ‘jum
2187 5076 2313 5174 ‘fimlliQ
2329 5079 2394 5150 ¹²5¹·

408 5191 597 5249 amusan
611 5192 641 5246 u
655 5193 729 5247 nm:
750 5195 790 5246 ss.
811 5193 955 5259 reomao
971 5193 1099 5260 syram.
1117 5194 1186 5246 osse
1201 5192 1264 5247 sor.
1285 5194 1383 5245 esra·
1425 5173 1536 5253 ‘³⁰⁰¹,¹3¹¹¹
1559 5162 1687 5253 ⁹³¹¹⁰ff¹¹ff⁸
1709 5157 1781 5209 ’Μ
1798 5158 1890 5253 ,¹²le
1916 5158 1975 5254 ‘¹¹32
2006 5159 2151 5256 nemque
2173 5174 2243 5213 emm
2263 5168 2395 5264 wasnau

409 5276 488 5336 nal.
501 5276 546 5332 il·
559 5278 654 5340 &aare
669 5275 756 5331 labra
771 5294 800 5332 rr.
820 5278 930 5332 Wirlrro
946 5276 1057 5346 (Altona
1071 5278 1149 5332 1886.
1164 5276 1202 5345 8.)
1218 5294 1246 5348 p.
1261 5277 1322 5332 228.
1339 5272 1386 5344 qui
1424 5241 1521 5380 3:232:
1535 5244 1819 5395 *gazmuzmpmm
1842 5243 2004 5311 “mimbu'
2023 5244 2211 5310 ⁸¹⁸¹ff⁰²¹¹d¹⁰¹
2232 5259 2307 5314 Μ.
2328 5248 2395 5306 mill

410 5360 484 5422 Μ
494 5345 689 5433 Almam
704 5366 760 5416 m
775 5361 865 5416 Μ
873 5361 1087 5430 mmmm
1680 5324 1709 5379 ia
1726 5325 1873 5380 Commeat.
1894 5328 1927 5378 de
1945 5326 2196 5422 Gorsiod’armal
2212 5324 2240 5394 4.
2255 5327 2281 5383 4.
2298 5347 2326 5400 p.
2342 5333 2396 5390 Μ

1425 5426 1466 5478 sq.
1483 5415 1512 5462 et
1528 5427 1554 5478 p.
1575 5410 1624 5462 311
1643 5424 1701 5478 sqq.
1732 5411 1913 5479 Apollodorus
1935 5416 2023 5464 autem
2041 5412 2089 5463 ille
2110 5411 2291 5476 Pergamenus
2314 5434 2394 5487 quun

479 5491 529 5566 Β)
544 5495 734 5552 'l'borbsobius
754 5495 783 5551 io
800 5496 948 5552 Commeat
967 5497 999 5551 ds
1023 5497 1054 5552 0.
1069 5496 1159 5549 Asinii
1175 5494 1305 5549 Polllords
1330 5495 1385 5549 Vll.
1425 5494 1568 5564 plurimum
1583 5492 1683 5549 vixisse
1698 5494 1805 5550 ridetur
1824 5509 1909 5565 usqua
1930 5495 1966 5549 ad
1988 5510 2014 5550 a.
2037 5494 2070 5549 ll.
2088 5493 2120 5548 C.
2134 5494 2195 5552 782.
2210 5511 2233 5552 a.
2247 5500 2292 5557 ἢ
2325 5500 2394 5558 Vide

408 5587 440 5640 d
456 5581 538 5640 llud.
559 5582 705 5638 morsm
723 5599 754 5654 p.
776 5581 810 5640 71
830 5598 871 5653 sq.
887 5581 1000 5664 pestium
1021 5581 1074 5636 boo
1090 5580 1156 5636 dicit
1170 5579 1253 5636 luisse
1267 5577 1386 5649 patrosi-
1425 5577 1491 5634 Not.
1507 5578 1551 5633 92.
