5717 6575
433 636 484 713 12
1129 630 1159 703 l.
1199 628 1261 703 1)ss
1281 628 1713 749 emolumentium

431 816 536 897 detur
559 815 681 921 jussus
703 843 783 896 esse
805 817 967 896 assidere
983 808 1250 922 mag'istretbm
1273 847 1343 923 pro
1367 821 1531 897 bibunnli
1546 825 1609 922 jus
1628 820 1845 917 dieenbbns,
1871 827 1908 897 et
1930 816 2103 924 irequeru
2118 815 2201 898 essb
2217 821 2358 901 euditor
2381 833 2423 903 et

430 946 608 1040 spectator
632 940 882 1035 certaminum,
905 964 953 1014 ex
976 939 1164 1040 quibus
1129 965 1166 1015 οι
1191 941 1327 1016 velut
1314 966 1353 1015 ιι
1374 939 1495 1015 media
1519 943 1598 1016 luoe
1614 938 1769 1018 studenti
1786 964 1937 1042 mugnus
1945 966 2056 1038 usus,
2079 943 2230 1018 multum
2246 951 2421 1020 eonstan

430 1059 502 1133 tiee
523 1082 565 1132 ιο
588 1059 779 1159 plurimum
795 1056 922 1158 judieii
943 1060 1186 1161 contingeret,
1209 1066 1249 1134 ut
1272 1059 1390 1134 verbis
1412 1067 1492 1134 utar
1508 1059 1614 1135 Auot.
1639 1060 1731 1135 Dial.
1746 1059 1792 1134 de
1803 1058 1920 1136 oret.
1946 1085 1978 1135 ο.
1989 1065 2054 1137 34
2102 1060 2218 1160 Qua
2205 1086 2244 1137 ιι
2265 1087 2306 1137 re
2324 1056 2422 1139 baud

429 1178 505 1254 seio
528 1202 575 1253 un
598 1177 713 1255 Julius
735 1177 868 1252 Caesar·
887 1178 1039 1252 voluerit
1061 1179 1165 1253 simul
1180 1178 1465 1277 bonor-iquvenis
1482 1186 1532 1252 οι
1528 1178 1728 1280 dignationi
1745 1178 1907 1277 pnblioae
1926 1203 1968 1254 eo
1987 1181 2190 1275 oonsulere,
2214 1178 2308 1280 quod
2332 1206 2420 1281 per·

430 1295 595 1392 ιιίιοιιι,
627 1304 668 1371 ιιι
698 1295 993 1435 magistratibus
981 1322 1021 1371 ιι
1040 1297 1211 1373 tribunali
1232 1295 1440 1371 sedentibus
1461 1298 1540 1370 looo
1568 1320 1678 1398 aeque
1703 1298 1844 1372 sublimi
1868 1321 1910 1371 ιο
1935 1298 2122 1398 oonspieuo
2147 1298 2328 1375 assideret.
2373 1297 2420 1375 Id

431 1414 574 1491 honoris
596 1415 796 1517 Augusto
779 1416 901 1513 Juveni
927 1413 1049 1489 datum
1069 1441 1166 1511 esse,
1187 1417 1332 1516 planum
1355 1423 1409 1490 est
1426 1441 1476 1489 ex
1498 1415 1606 1491 Dion.
1631 1416 1731 1515 Cass.
1754 1415 1857 1491 libr.
1878 1414 1996 1491 XLV.
2021 1422 2109 1493 ο.7.
2156 1417 2196 1492 Is
2222 1419 2319 1497 euim
2337 1440 2422 1495 me-¹

431 1534 567 1608 morire
590 1533 716 1630 tradit,
739 1532 793 1609 M.
815 1533 968 1609 Antonio
995 1560 1029 1610 a.
1052 1536 1101 1610 U.
1124 1534 1166 1610 G.
1189 1538 1279 1612 710.
1266 1558 1467 1637 .msgnam
1492 1531 1592 1634 apud
1615 1508 1742 1611 milites
1763 1535 1927 1609 invidiam
1948 1533 2190 1631 ιοοιιιιοιιο,
2214 1533 2274 1612 ὅτι
2297 1533 2421 1614 αὐτὸν

431 1652 476 1748 (i.
502 1678 535 1727 e.
550 1653 756 1754 Augustum
778 1650 885 1727 modo
901 1652 1091 1752 Apollonis
1101 1652 1299 1750 reversum)
1327 1654 1369 1728 ἐν
1389 1680 1445 1750 τῳ
1427 1648 1747 1751 δικαστηρίῳ
1724 1650 1800 1727 απὸ
1818 1646 2010 1750 μετεώρου
2029 1649 2095 1726 καὶ
2118 1650 2194 1728 ἀπὸ
2215 1649 2421 1754 περιόπτου

431 1766 553 1856 τινὸς,
572 1765 750 1869 καθάπερ
776 1766 838 1844 ἐπὶ
858 1776 929 1846 τοῦ
954 1768 1097 1870 πατρὸς
1118 1766 1248 1846 εἰώθει
1271 1775 1412 1856 ποιεῖν,
1439 1771 1611 1865 ἐντυχειν
1630 1794 1668 1844 τι
1693 1766 1927 1866 ἐθελήσαντα
1949 1767 1996 1845 οὐ
2019 1768 2288 1870 προσιδεξατο,
2323 1766 2423 1847 ἀλλὰ

432 1883 499 1961 καὶ
519 1886 730 1962 κατέσπασε
749 1883 816 1963 καὶ
840 1884 992 1982 ἐξήλασε
1017 1884 1083 1962 ded
1108 1891 1235 1985 τῶνρ
1212 1883 1454 1987 ῥαβδούχων.

583 2005 805 2107 Augustus
792 2033 833 2082 ιι
853 2004 972 2081 lorum
995 2007 1064 2082 tiro
1094 2004 1265 2084 deduetus
1296 2008 1395 2081 est
1383 2033 1422 2080 ιι
1451 2005 1587 2081 medio
1582 2006 1760 2082 omnium
1790 2031 1911 2081 rerum
1933 2004 2145 2082 disorimine.
2195 2006 2420 2109 Eloquentia,

283 2161 289 2191 ι
431 2122 603 2199 libertatis
629 2127 788 2222 alumne,
838 2124 985 2201 subinde
1015 2124 1258 2200 obmutesoere
1288 2132 1324 2200 et
1356 2151 1378 2199 e
1412 2126 1484 2200 fori
1519 2128 1599 2200 luoe
1630 2126 1666 2199 in
1693 2124 1857 2199 umbram
1876 2126 2074 2201 scholarum
2102 2124 2268 2201 reoedere
2290 2127 2419 2227 eoepit.

431 2241 552 2319 Etiam
579 2269 659 2319 mos
692 2244 756 2319 ille
787 2241 989 2319 aswotandi
1023 2255 1106 2344 post
1133 2244 1335 2319 tiroeinium
1366 2245 1462 2319 viros
1485 2242 1645 2346 ingenio,
1695 2241 1855 2317 doctrine
1877 2269 2062 2345 rerumque
2086 2268 2156 2318 usu
2184 2252 2420 2343 praestantes,

433 2388 586 2463 quorum
608 2361 854 2439 consuetudine
878 2361 1081 2462 quotidiana
1100 2366 1247 2463 juvenes
1271 2362 1530 2458 formarentur,
1571 2363 1754 2437 immutate
1781 2366 1870 2462 jem
1881 2362 2019 2462 pridem
2036 2363 2234 2462 juventutis
2261 2361 2422 2440 educen-

432 2480 500 2557 dre
522 2482 681 2576 ratione,
711 2491 787 2555 tum
809 2481 974 2557 eviluisse
1000 2482 1137 2557 videtur
1159 2508 1201 2558 ae
1223 2507 1337 2582 poene
1355 2480 1585 2557 obsolevisse.
1637 2480 1869 2583 Quapropter
1890 2482 1965 2556 veri
1988 2491 2043 2557 est
2064 2483 2304 2578 simillimum,
2339 2482 2418 2559 Δι-

432 2597 752 2796 gustrundiopldpoep
779 2600 931 2676 tiroeinii
960 2609 1137 2702 tempore,
1184 2601 1347 2677 avuncuii
1379 2601 1565 2702 suspieiis,
1608 2600 1810 2676 rhetoribus
1834 2599 1972 2677 Latinis
1996 2609 2033 2678 et
2054 2598 2204 2679 Graecis
2226 2601 2421 2778 plurimum

432 2743 564 2820 ⁰l¹⁰¹¹⁸⁰

1362 2891 1408 3005 §-
1450 2888 1492 2983 5.

303 3162 308 3185 ι
585 3077 679 3155 Belli
701 3076 862 3154 Afrioani
889 3079 1110 3179 quantumvis
1132 3088 1279 3180 ouperet
1300 3080 1419 3155 sooius
1443 3077 1543 3174 lieri,
1576 3084 1696 3153 tamen
1721 3078 1856 3154 Romus
1879 3085 2037 3154 retentus
2060 3084 2134 3175 est,
2166 3085 2209 3153 ιιι
2230 3077 2422 3156 Suetonius

343 3197 345 3201 ’
434 3221 467 3273 ο.
491 3198 530 3273 8.
555 3198 627 3294 eit,
652 3194 800 3300 propter
823 3204 978 3272 οιιιιοιι
989 3199 1061 3296 ²⁶),
1097 3201 1194 3295 siue,
1219 3206 1260 3274 ut
1283 3199 1452 3275 Nieolaus
1475 3222 1508 3273 ο.
1533 3202 1570 3275 6.
1590 3198 1728 3294 refert,
1758 3199 1840 3300 qruia
1862 3205 1974 3272 meter
1995 3199 2077 3272 huie
2101 3199 2242 3273 oonsilio
2268 3197 2422 3272 adverse

434 3325 528 3391 esset
550 3324 657 3417 atque
678 3319 868 3392 avunculus
894 3319 1053 3417 eorporis¹
1076 3323 1153 3418 ejus
1176 3343 1303 3419 purum
1324 3317 1415 3391 firmi
1440 3314 1630 3393 valetudini
1650 3319 1877 3391 vehementer
1898 3317 2046 3395 timeret.
2096 3318 2139 3393 In
2161 3317 2250 3392 illud
2273 3319 2419 3413 bellum,

434 3434 482 3510 sd
508 3435 758 3536 opprimendas
780 3437 935 3537 partium
957 3437 1256 3537 Pompejnnerum
1280 3437 1465 3536 reliquias,
1491 3436 1670 3536 protentus
1696 3444 1751 3510 est
1771 3435 1889 3513 Julius
1914 3436 2046 3512 Caesar
2069 3460 2169 3511 unno-
2187 3419 2233 3513 U.
2259 3436 2302 3512 C.
2327 3442 2420 3514 707.

434 3581 466 3632 s.
491 3558 554 3631 47.
579 3554 625 3628 ad
648 3554 754 3629 finem
776 3564 944 3655 vergente
965 3563 1001 3628 et
1021 3556 1157 3630 Romae
1180 3555 1232 3632 M.
1250 3553 1445 3655 Lepidum,
1469 3555 1685 3655 Megistrmu
1708 3555 1898 3655 Equitum,
1919 3556 2139 3655 reliquit27).

585 3673 704 3751 Julius
729 3674 863 3751 (laesor
887 3681 1075 3773 postquem
1100 3700 1147 3749 ex
1172 3675 1264 3750 bello
1289 3674 1473 3771 Africano,
1497 3674 1536 3748 in
1560 3698 1633 3775 quo
1655 3675 1809 3774 primunr
1832 3676 1934 3749 var-ia
1953 3674 2094 3749 ιοιιιιι
2119 3698 2207 3750 mox
2229 3698 2298 3749 sua
2323 3699 2422 3775 puga

436 3799 600 3890 neverat,
633 3800 676 3868 ut
697 3793 783 3868 soite
815 3794 865 3867 ait
890 3779 1047 3893 Vellejus
1068 3794 1207 3870 Petere.
1232 3792 1331 3869 libr.
1357 3793 1407 3868 ll.
1431 3818 1462 3866 ο.
1490 3799 1554 3869 55.
1584 3806 1615 3885 t.
1644 3799 1698 3901 l.,
1730 3795 1857 3894 elapsis
1888 3819 1955 3868 sex
1986 3791 2191 3888 mensibus,
2225 3793 2264 3867 in
2286 3792 2423 3868 Urbem

434 3910 608 4001 redierat,
642 3921 769 4012 quater
790 3912 1018 4012 triumphavit
1039 3911 1166 3987 eodem
1194 3937 1338 4006 mense,
1367 3911 1431 3988 sed
1456 3913 1645 4011 interjeotis
1672 3911 1810 3986 diebus.
1832 3910 2000 3985 Reditum
2020 3915 2098 4012 ejus
2124 3910 2195 3985 diei
2219 3914 2282 3989 26.
2305 3909 2423 4009 Quin-

433 4030 502 4106 tilis
525 4031 611 4106 anni
635 4031 682 4107 U.
708 4030 749 4108 G.
774 4034 860 4108 708.
883 4055 916 4106 ι.
937 4033 1003 4106 40.
1026 4031 1182 4133 assignat
1206 4029 1483 4130 Oudendorpius
1508 4029 1554 4103 ad
1578 4029 1725 4104 Sueten.
1750 4031 1785 4107 J.
1810 4029 1852 4105 G.
1881 4055 1915 4104 ο.
1942 4035 2004 4107 37.
2054 4030 2137 4108 tam
2166 4055 2247 4104 oum
2277 4030 2325 4102 illi
2357 4052 2421 4103 re-

434 4148 517 4224 dnei
539 4149 635 4225 laeto
660 4157 715 4225 tot
737 4175 759 4224 a
778 4149 914 4227 Sensbr
937 4148 1098 4224 decretae
1121 4150 1193 4224 sint
1214 4150 1505 4250 supplicationes,
1536 4149 1692 4248 tantique
1717 4155 1913 4248 apparatus
1934 4149 1972 4223 in
1994 4150 2189 4250 triumphos
2211 4147 2317 4241 sueti,
2347 4171 2423 4222 non

322 4352 324 4356 ,
433 4267 574 4343 videbrr
597 4265 853 4369 Oudendorpio
875 4266 1065 4365 eredibile,
1096 4291 1179 4343 eum
1202 4269 1304 4369 prius
1325 4267 1525 4370 triumphos
1550 4267 1629 4342 illos
1653 4293 1760 4369 egere
1782 4269 1957 4368 potuisse,
1997 4293 2105 4368 quam
2125 4291 2248 4342 mense
2272 4266 2424 4344 Ostobri

433 4388 510 4462 sive
529 4386 722 4463 Novembri
744 4388 897 4464 ineunte.
951 4387 1040 4464 τιιοι
1062 4386 1257 4488 triumphos
1278 4391 1469 4489 Augustus
1493 4386 1657 4486 juvenis,
1700 4386 1857 4486 quamvis
1877 4384 1958 4460 belli
1981 4411 2133 4488 expers,
2179 4386 2225 4462 ub
2245 4387 2422 4463 sruueulo

429 4510 552 4607 jussus
573 4513 746 4607 estoque
770 4507 894 4607 sequi,
917 4505 1082 4607 idemque
1107 4503 1209 4582 donis
1227 4506 1444 4582 militaribus
1466 4506 1616 4581 donstus
1636 4512 1691 4580 est
1699 4506 1763 4601 ²⁹).

587 4625 694 4701 Anno
730 4627 777 4704 U.
809 4626 851 4702 G.
885 4630 972 4704 708.
1005 4651 1038 4702 ι.
1072 4630 1137 4701 46.
1168 4633 1324 4702 exeunte
1346 4624 1465 4704 Julius
1490 4626 1623 4701 Caesar
1645 4623 1685 4699 in
1706 4623 1897 4723 llispeniss
1921 4631 2044 4700 eontra
2066 4622 2230 4726 Pompeji
2254 4623 2308 4699 M.
2329 4620 2423 4700 filios

434 4743 619 4845 protentus
639 4751 717 4822 este
762 4771 836 4847 qno
856 4753 1018 4846 tempore
1040 4743 1223 4847 Augustas
1246 4741 1284 4821 d.
1308 4749 1372 4822 23.
1395 4742 1618 4845 Septembris
1638 4743 1827 4845 septimum
1853 4740 2031 4820 deoimum
2056 4746 2181 4820 aetatis
2201 4766 2332 4820 annum
2352 4765 2424 4818 ex·

502 4949 549 5016 26)
570 4947 693 5016 intellige
714 4957 828 5004 ιιιιιιιιι
850 4951 1005 5013 militares,
1028 4965 1096 5019 quae
1119 4949 1192 5018 apud
1212 4950 1347 5004 Romanos
1369 4949 1403 5003 sb
1453 4940 1570 5016 κόσμοις
1586 4940 1669 4999 αὐτὸν
1684 4948 1873 5016 σιριιηγιιοῖς
1888 4942 2015 5011 ἀσκήσας·
2024 4947 2199 5018 prebebiliter
2206 4942 2349 5014 respires
2356 4961 2420 4999 eon-

435 5050 506 5090 enno
521 5033 595 5089 vitae
611 5033 726 5102 septimo
743 5034 847 5087 decimo
864 5033 966 5088 initium
977 5033 1100 5101 babebat,
1117 5050 1170 5103 qno
1184 5049 1254 5088 enno
1263 5033 1292 5086 ιι
1303 5033 1403 5087 desto-
1450 5033 1519 5101 iecit
1539 5031 1852 5099 Banmg'srten-Cuuius
1875 5033 1909 5085 sd
1930 5035 2039 5087 Sueten.
2060 5031 2130 5100 Aug.
2152 5048 2175 5086 e.
2192 5031 2218 5086 8.
2234 5060 2270 5072 -
2285 5031 2327 5083 De
2344 5029 2424 5085 donis

434 5136 496 5173 rsrr
512 5117 659 5174 essuriem
674 5118 777 5187 recepti
790 5119 903 5186 juvenes
919 5119 1041 5173 militium
1051 5133 1194 5188 eeprrrere
1203 5124 1360 5189 coeperunt:
1376 5133 1403 5173 r.
1453 5117 1612 5172 militaribus
1628 5116 1737 5185 eopiose
1753 5117 1810 5184 egit
1824 5117 1931 5186 Lipsius
1947 5118 1982 5170 de
1997 5116 2076 5172 blilit.
2087 5119 2198 5171 Roman.
2209 5116 2284 5170 Libr.
2301 5116 2333 5170 V.
2350 5114 2425 5170 Disl.

331 5203 335 5210 '
435 5203 543 5274 Lipsius
564 5205 599 5259 de
613 5204 694 5259 Milit.
710 5203 822 5258 ltomen.
838 5203 913 5258 libr.
929 5203 950 5258 l.
966 5202 1037 5259 Diel.
1049 5204 1082 5258 ιι.
1099 5219 1126 5272 p.
1137 5203 1180 5258 lu.
1197 5203 1403 5272 Tom.lll.0pp.
1453 5203 1535 5258 llvll.
1552 5219 1579 5271 p·
1596 5200 1656 5255 see.
1672 5217 1731 5270 sqq.
1748 5202 1827 5254 Tom.
1844 5202 1889 5254 lll.
1908 5202 1988 5271 opp,
2012 5206 2040 5255 et
2056 5203 2091 5255 de
2107 5217 2181 5255 more
2198 5198 2424 5268 triumphalium,

502 5288 549 5356 27)
565 5289 590 5344 l.
605 5289 639 5344 A.
654 5279 819 5356 Febrietur,
829 5287 875 5357 qni
890 5289 1036 5357 repulsam,
1053 5304 1132 5357 quem
1147 5288 1282 5357 Augustus
1298 5287 1327 5342 in
1343 5287 1405 5341 ιιι·
1452 5287 1554 5340 liberer
1581 5291 1762 5354 cognatosque
1789 5285 1927 5354 utriusque
1953 5301 2048 5354 ιιιιι,
2080 5285 2104 5339 ιι
2133 5284 2239 5355 quidem
2263 5284 2426 5352 preatextatl

437 5371 547 5439 guterio
568 5373 694 5442 Equitum
716 5373 788 5444 apud
811 5373 969 5427 avunculum
992 5372 1083 5426 tnllsse
1103 5372 1203 5441 fertur,
1226 5373 1348 5443 praelato
1364 5372 1403 5427 ιι.
1454 5370 1542 5425 adhue
1553 5376 1652 5439 essent,
1668 5370 1697 5424 ln
1708 5385 1787 5424 curru
1796 5371 1874 5437 Juxts
1885 5369 2050 5436 sebebendi,
2067 5376 2104 5438 et,
2120 5370 2144 5424 ri
2155 5369 2314 5438 grandines
2323 5374 2423 5438 essent,

436 5455 550 5525 Lepido,
564 5457 594 5510 in
610 5457 775 5525 chronolog.
791 5456 861 5524 Aug.
878 5471 903 5511 ι.
920 5455 954 5510 U.
970 5455 1004 5510 C.
1019 5455 1079 5511 707.
1097 5455 1224 5526 minuet,
1237 5456 1268 5510 in
1283 5471 1404 5510 errorem
1451 5458 1529 5526 equis
1541 5455 1677 5524 jugalibus
1692 5455 1879 5523 funalibusque
1894 5452 2062 5523 imponendi,
2078 5454 2201 5508 viderur
2216 5459 2325 5523 prester
2339 5454 2425 5508 Vele-

327 5595 332 5604 ,
437 5557 469 5595 se
483 5540 574 5595 induet
589 5557 685 5611 pessus
700 5547 756 5611 est,
771 5547 802 5596 nt
817 5537 1009 5611 sliu‘pusen
1024 5541 1132 5595 treism.
1451 5538 1520 5596 ιιιιι
1536 5539 1573 5594 ad
1588 5540 1729 5595 ffioolsum
1745 5539 1868 5593 Damase-
1885 5540 1904 5592 l·
1922 5553 1947 5592 e·
1965 5555 1991 5609 p·
2008 5540 2133 5607 tollor,
2148 5537 2290 5592 Febrioins
2306 5537 2342 5592 sd
2354 5537 2423 5594 Uio-

504 5623 1403 5698 sirmemurermnmmmeunrpro
1449 5621 2388 5694 mosumnxnnesonmouvevuuossee
