5717 6575
308 710 312 721 Q
434 631 506 710 ree
626 615 630 629 ’
1117 630 1175 705 ru.
1216 630 1511 701 necessarus
1533 629 1733 724 sucosrr

430 857 471 905 eo
494 842 612 903 tecum
626 849 721 918 suos,
745 837 788 898 ut
810 824 982 917 damiam,
1009 827 1245 918 unincipiom
1258 848 1333 898 oon
1346 826 1534 919 epistolas,
1556 825 1620 896 sed
1644 824 1822 899 codicillos
1846 820 1910 919 tibi
1931 821 2103 915 salbas}
2131 819 2196 894 ubi
2211 798 2359 920 Lipsius¹
2377 820 2414 894 id

430 943 640 1038 discriminis
664 940 769 1037 lacit,
794 949 834 1014 ut
858 946 1030 1038 epistolae
1053 937 1099 1013 ad
1115 936 1285 1014 ‘absentes
1310 946 1371 1012 aut
1395 940 1495 1039 quasi
1512 937 1694 1034 absentes,
1721 944 1874 1053 codicilli
1895 946 2012 1012 aulem
2037 937 2082 1011 ad
2105 931 2420 1037 paamtetnttl

429 1072 559 1139 tantur.
576 1062 612 1157 1)
662 1059 849 1133 Praeterea
872 1056 1122 1134 codicillorum
1146 1057 1227 1131 usui
1251 1057 1425 1132 adhaesit·
1441 1057 1537 1132 nolio
1558 1059 1702 1156 majoris
1736 1055 1924 1156 cujusdam
1945 1055 2190 1132 familiaritatis
2221 1056 2417 1155 interioris-

431 1208 502 1285 que
528 1176 815 1271 necessitudinis,
849 1202 918 1276 qua
943 1176 1005 1275 qui
1028 1175 1193 1250 codicillis
1219 1176 1315 1250 inter
1335 1202 1376 1250 se
1399 1177 1549 1256 invicem
1570 1183 1735 1272 utantur,
1760 1177 1936 1275 aliquanto
1955 1177 2209 1275 conjunctiores
2231 1176 2368 1253 vivunt.
2392 1202 2394 1207 ·

453 1290 454 1294 '
585 1297 647 1399 Sic
666 1298 821 1396 Augusti
846 1294 1032 1369 Codicillos
1057 1294 1164 1369 Livia
1188 1291 1236 1368 ad
1261 1319 1302 1369 sc
1326 1293 1371 1368 de
1396 1296 1644 1371 acerbitatect
1675 1295 1899 1370 intolerantia
1930 1320 2071 1369 morum
2098 1294 2238 1371 Tiberii
2268 1297 2418 1396 scriptos

431 1418 636 1495 eSacrario
655 1416 802 1514 promtis
825 1421 862 1489 et
884 1414 1060 1508 recitavit,
1086 1421 1227 1487 auctora
1251 1412 1400 1490 Sueten.
1426 1414 1547 1488 Tiber.
1574 1441 1603 1489 c.
1628 1409 1692 1491 59.
1742 1415 1856 1488 Porro
1879 1414 1932 1489 Μ.
1963 1413 2103 1490 Seneca
2126 1413 2299 1514 Excerpt.
2323 1413 2417 1490 Con·

430 1549 520 1613 tros.
546 1535 648 1609 Libr.
665 1533 797 1632 ,1V.‚p.
820 1537 910 1609 413.
935 1533 1037 1631 sip:
1069 1532 1187 1626 „Cum
1216 1539 1355 1607 mortuo
1385 1532 1609 1632 in>12pciu²)
1642 1531 1733 1631 Cajo
1768 1532 1923 1606 Caesare
1953 1558 2020 1632 per
2052 1520 2240 1608 Codicillos
2276 1543 2419 1634 questus

432 1663 527 1732 esset
552 1652 656 1727 dias
678 1652 884 1750 Augustus,
908 1659 950 1724 ut
972 1659 1049 1724 erat
1066 1676 1143 1725 mos
1168 1650 1218 1723 illi
1240 1649 1516 1725 clementissimo
1540 1651 1633 1746 viro,
1658 1676 1729 1724 non
1752 1651 1898 1726 civiliter
1921 1659 2074 1748 mutum,
2097 1651 2160 1728 scd
2183 1654 2287 1728 etiarn
2312 1651 2435 1727 fami·

431 1773 584 1863 liariter,
611 1769 708 1870 quod
727 1771 766 1844 in
788 1777 861 1843 tarn
886 1794 1016 1871 magno
1040 1776 1078 1843 et
1101 1770 1230 1843 recenti
1254 1771 1350 1845 luctu
1380 1793 1447 1844 suo
1479 1767 1586 1843 bomo
1619 1769 1822 1844 carissimus
1854 1770 1920 1844 sibi
1951 1771 2056 1868 pleno
2086 1771 2244 1845 convivio
2274 1794 2450 1846 coeam—

433 1902 510 1984 set,
530 1889 709 1988 rescripsit
729 1888 864 1963 Pollio:
889 1888 943 1962 Eo
968 1887 1026 1961 die
1050 1888 1209 1981 coenari,
1234 1913 1306 1989 quo
1327 1887 1478 1962 Herium
1500 1886 1609 1962 lilium
1635 1887 1774 1964 amisi.“
1823 1888 1899 1962 llos
1928 1886 2106 1963 codicillos
2130 1890 2338 1991 Augustus,
2360 1914 2429 1963 se-

348 2024 354 2031 '
434 2035 507 2084 nex
527 2011 604 2108 jam
627 2002 800 2083 morosior
824 2014 860 2080 et
881 2007 1028 2106 inopina
1051 2015 1222 2120 nepotum
1248 2015 1361 2082 morte
1385 2029 1602 2106 percussus,
1628 2006 1772 2105 scripsit
1794 2006 1923 2080 recenti
1941 2009 2039 2081 luctu
2063 2030 2086 2080 a
2109 2008 2155 2082 U.
2182 2009 2224 2084 C.
2247 2015 2317 2111 Tg}
2343 2018 2428 2108 a}

433 2156 472 2229 p.
500 2127 583 2202 Chr.
606 2124 651 2199 ad
678 2123 721 2201 C.
741 2125 908 2225 Asinium
928 2126 1139 2221 Pollionem,
1165 2152 1318 2226 quocum
1340 2132 1442 2201 vesu
1474 2126 1506 2200 ei
1528 2132 1605 2200 erat
1634 2124 1866 2200 familiaritas.
1915 2125 2017 2213 Hinc,
2030 2150 2113 2199 eum
2144 2127 2191 2201 ob
2216 2128 2375 2202 animum
2398 2153 2423 2201 a

432 2251 549 2321 luctus
573 2243 820 2319 communione
845 2244 999 2326 alienum
1024 2244 1219 2344 increpuit3
1244 2236 1355 2318 Pollio
1381 2234 1500 2317 autern
1523 2245 1573 2316 ita
1597 2241 1798 2342 respondit,
1828 2250 1869 2317 ut
1893 2243 2009 2317 virum
2032 2245 2187 2345 ingentis
2211 2247 2320 2320 animi
2345 2271 2417 2321 ma-

433 2367 547 2465 lisque
568 2364 800 2437 insultantem
823 2361 924 2436 facila
948 2387 1130 2463 agnoscas.
1182 2360 1259 2437 Sed
1286 2367 1446 2438 codicilli
1470 2387 1543 2436 non
1572 2363 1686 2436 solum
1708 2361 1754 2437 de
1786 2361 2007 2436 brevioribus
2037 2360 2084 2436 ad
2117 2362 2311 2441 saniliares
2346 2367 2415 2465 epi·

434 2486 534 2558 stolis
560 2479 842 2579 murpabanbsr,
868 2504 954 2580 quas
980 2478 1130 2556 dicimus
1154 2483 1473 2579 Hondlsrlefclsea,
1494 2488 1656 2574 Billet's,
1687 2480 1750 2555 sed
1774 2481 1832 2554 illa
1861 2481 2073 2580 praesertim
2103 2489 2214 2557 aetate
2246 2481 2293 2558 de
2326 2486 2415 2583 ejus·

436 2600 532 2676 modi
552 2601 716 2699 scriptis,
743 2598 871 2698 quibem
896 2598 1132 2698 Imperatores
1157 2599 1383 2699 potissimum
1407 2598 1512 2672 alicui
1537 2598 1699 2672 mandata
1722 2598 1827 2693 dare,
1858 2624 2008 2672 munera
2038 2609 2074 2674 ct
2105 2600 2256 2675 honores
2286 2601 2414 2676 delerrc

436 2732 473 2794 et
498 2726 592 2793 certa
617 2716 792 2818 qrmedam
814 2715 932 2791 officia
955 2719 1136 2819 injungere
1155 2718 1330 2792 solebantr
1356 2742 1425 2817 qua
1448 2718 1592 2790 notione
1616 2718 1701 2790 nihil
1727 2728 1782 2791 est
1801 2716 2029 2818 frequentius,
2048 2744 2106 2818 ap.
2140 2727 2329 2820 argenteae
2361 2746 2416 2795 ae·

302 2928 306 2941 Ι
434 2839 516 2912 tatis
541 2837 751 2934 scriptores,
776 2843 817 2909 ut
838 2844 979 2933 praeter
998 2835 1164 2934 Lipsium
1197 2834 1242 2909 ud
1263 2835 1376 2909 Tacit.
1406 2836 1504 2909 Anu.
1527 2835 1628 2910 Libr.
1651 2836 1757 2917 XIII.
1788 2862 1819 2909 c.
1853 2841 1915 2911 20.
1948 2835 2137 2911 ostendunt
2159 2838 2362 2912 Boetticber
2387 2841 2417 2913 io

434 2955 564 3030 Lexic.
588 2953 702 3026 Tacit.
728 2939 764 3025 et
786 2952 965 3028 BCrusius
989 2954 1028 3027 in
1051 2953 1130 3028 Ind.
1155 2952 1255 3029 Suet.
1270 2979 1313 3061 ἐ.
1339 2952 1374 3027 h.
1400 2978 1433 3026 v.
1484 2952 1545 3027 Ad
1562 2954 1764 3054 Augustmn
1790 2952 2049 3053 quodammodo
2072 2963 2233 3054 spectant
2257 2958 2325 3031 loci
2347 2958 2417 3032 Ta·

436 3075 493 3147 cit.
519 3072 613 3144 dnn.
637 3070 668 3143 l.
696 3095 727 3143 c.
752 3075 788 3147 6.
816 3078 853 3143 et
877 3070 1024 3147 Sueten.
1050 3070 1136 3145 Tib.
1160 3097 1191 3144 o.
1218 3077 1300 3165 22,
1324 3071 1384 3170 qui
1407 3070 1476 3146 ita:
1510 3072 1641 3165 „Hunc
1671 3075 1737 3167 (sc.
1761 3073 1960 3172 Agrippam
1990 3074 2214 3171 Postumum)
2241 3075 2417 3151 Tribunus

369 3180 377 3196 ⁸
435 3191 587 3264 militum
611 3193 730 3281 custos
754 3189 937 3286 appositus
962 3188 1106 3283 occidit,
1133 3189 1231 3262 lectis
1255 3187 1439 3284 codicillis,
1464 3190 1590 3289 quibus
1615 3198 1656 3263 ut
1685 3188 1725 3263 id
1755 3191 1906 3284 laceret,
1935 3190 2138 3291 jubebatur.
2189 3192 2290 3294 Quos
2323 3193 2418 3269 codi-

295 3391 298 3396 ,
436 3309 554 3403 cillos,
580 3305 726 3380 dubium
750 3306 838 3402 luit,
865 3308 1098 3409 Augustusne
1120 3308 1276 3383 moriens
1300 3309 1500 3409 reliquisset
1521 3351 1574 3365 -
1597 3336 1718 3384 —an
1743 3311 1884 3386 nomine
1908 3311 2063 3411 Augusti
2086 3310 2188 3385 Livia
2211 3357 2267 3372 -
2288 3311 2419 3391 dictas·

342 3467 346 3478 ·
436 3430 531 3503 set.“
580 3422 1129 3525 Ejusmodicodicillosdixeris
1156 3416 1664 3521 consummatissimo.
1695 3431 1861 3527 Befelsle.
1897 3429 2059 3529 Denique
2080 3434 2240 3509 codicilli
2262 3433 2418 3509 sollemni

438 3542 593 3645 quadam
617 3542 871 3644 significatione
892 3553 1034 3644 coeptae
1059 3552 1142 3618 sunt
1166 3544 1335 3644 appellari
1365 3544 1404 3617 in
1427 3541 1516 3620 lure
1539 3547 1708 3645 epistolae
1740 3543 1786 3618 ad
1815 3545 1964 3621 heredes
1997 3547 2146 3647 scriptae
2171 3548 2215 3624 de
2240 3576 2305 3647 eo,
2332 3550 2418 3653 quod

425 3654 633 3739 'scribentes
659 3661 703 3734 ab
729 3660 918 3735 heredibus
944 3685 1045 3735 suam
1069 3669 1150 3763 post
1175 3668 1323 3737 mortem
1342 3661 1417 3735 beri
1442 3664 1581 3739 vellent.
1632 3663 1857 3764 Quamquam
1878 3665 1944 3739 boc
1968 3690 2096 3740 nomen
2121 3667 2165 3741 ab
2190 3668 2272 3767 ipso
2297 3669 2418 3774 Augu·

433 3790 493 3866 sto
513 3781 565 3856 sic
589 3786 818 3879 usurpatum,
841 3779 937 3881 quod
962 3780 1107 3881 quidem
1132 3781 1256 3877 seiam,
1282 3806 1355 3856 non
1377 3782 1574 3880 reperitur:
1600 3789 1718 3856 tamen
1742 3780 1814 3883 jam
1836 3791 1952 3858 aetate
1981 3787 2058 3883 ejus
2081 3784 2268 3864 codicillos
2302 3791 2418 3895 singu·

436 3901 501 3976 lari
525 3899 591 3975 hac
612 3899 755 3973 notione
779 3901 974 3999 appellatos
991 3926 1098 3994 csse,
1123 3906 1272 4000 apparet
1295 3925 1343 3975 ex
1368 3898 1478 4000 Corp.
1509 3899 1587 3976 Jur.
1622 3900 1723 3976 civit.
1753 3901 1858 3975 Tom.
1883 3903 1915 3976 Ι.
1945 3902 2098 3978 institut.
2128 3903 2231 3983 tros.
2264 3907 2318 3984 Π.
2351 3909 2417 3986 Tit

437 4024 520 4115 25„
545 4018 607 4093 ubi
630 4016 786 4092 Eduard.
812 4017 1031 4093 Schraderus
1056 4046 1092 4118 p.
1118 4023 1193 4093 407
1220 4044 1273 4117 sq.
1298 4026 1332 4093 et
1356 4019 1565 4095 Heincccius
1596 4019 1718 4119 Antiq.
1751 4020 1900 4119 lurispr.
1936 4022 2041 4098 Rom.
2067 4005 2415 4104 Libr..lI.'T1·t.23

438 4179 489 4191 -
516 4141 578 4211 25.
602 4139 635 4232 ἕ.
660 4142 720 4210 12.
747 4161 784 4233 p.
812 4135 900 4212 464.
927 4137 1042 4211 ltliihl.
1070 4134 1270 4211 conterendi
1304 4144 1397 4210 sunt.
1449 4135 1636 4210 Caeterum
1662 4126 1851 4212 Cddicillos
1875 4138 2030 4213 breviter
2061 4148 2097 4214 et
2126 4151 2360 4240 properanter
2384 4146 2413 4219 in

439 4253 568 4327 tabulis
594 4255 719 4325 ceratis
744 4259 930 4348 exaratos,
959 4252 1048 4349 (vid.
1072 4253 1256 4327 Manutius
1282 4250 1330 4326 ad
1356 4252 1469 4330 Cicer.
1494 4253 1610 4353 Epist.
1636 4254 1680 4328 ad
1705 4256 1785 4329 Div.
1807 4255 1909 4331 Libr.
1928 4257 1994 4331 lX.
2012 4262 2074 4337 26.
2101 4258 2180 4336 Vol.
2198 4260 2249 4335 Π.
2273 4288 2314 4362 p.
2337 4268 2413 4344 670.

437 4368 502 4466 R.)
528 4370 632 4444 etiarn
656 4370 735 4443 aliis
758 4369 873 4471 iisque
898 4369 1176 4471 generalioribus
1199 4369 1369 4445 declarari
1400 4373 1624 4473 nominibus,
1648 4383 1782 4447 certmn
1814 4383 1870 4449 est
1892 4385 1930 4450 et
1964 4375 2123 4451 evidens.
2176 4376 2316 4457 Sioda
2346 4382 2412 4457 An·

437 4495 543 4590 gusto
568 4488 716 4589 legimus
742 4514 801 4589 ap.
833 4487 1053 4564 Macrobium
1078 4487 1222 4565 Saturn.
1251 4489 1352 4566 Libr.
1383 4490 1436 4565 Π.
1462 4518 1494 4567 c.
1518 4495 1555 4569 5.
1587 4518 1625 4590 p.
1648 4497 1736 4568 347.
1760 4494 1805 4568 B.
1855 4491 2084 4588 „Admonuit
2115 4504 2215 4597 pater
2240 4500 2411 4600 scripto:“

437 4605 498 4681 ubi
522 4608 758 4707 intelligemus
787 4612 991 4704 Codicillos,
1012 4634 1101 4710 quos
1125 4609 1313 4709 Augustus
1338 4616 1443 4709 pater
1472 4611 1512 4682 in
1541 4608 1674 4684 tbeatro
1705 4610 1915 4686 festinanter
1950 4615 2093 4714 scripsit
2120 4623 2155 4688 et
2176 4613 2223 4688 ad
2242 4605 2409 4718 praesen·

439 4735 511 4799 tem
535 4724 668 4799 ibidem
688 4724 816 4819 filiam,
837 4726 989 4830 duliam,
1014 4727 1120 4801 misit.
1172 4727 1373 4802 Scrioribus
1394 4727 1654 4827 Imperatorum
1684 4730 1898 4829 temporibus
1930 4731 2126 4807 litterarum
2156 4736 2298 4812 nomine
2329 4738 2411 4813 desi·

439 4852 565 4944 gnatm
591 4868 670 4917 csse
698 4850 908 4938 Codicillos,
933 4845 1051 4920 mtdtis
1077 4844 1228 4918 ostendit
1249 4843 1412 4919 Valesius
1438 4845 1484 4919 ad
1509 4847 1688 4924 Anurrian.
1713 4848 1867 4924 Marcell.
1888 4833 1989 4926 Libr.
2014 4850 2188 4926 XXVIII.
2209 4877 2240 4928 c.
2270 4861 2305 4931 l.
2328 4859 2359 4953 ἕ.
2381 4860 2409 4931 8.

401 4963 406 4979 ’
438 4961 519 5035 Vol.
544 4960 609 5036 111.
633 4987 674 5060 p.
698 4967 785 5039 217.
809 4961 895 5037 Ers.'

509 5232 540 5299 1)
558 5232 627 5287 Cum
647 5231 743 5301 lipsio
767 5231 833 5286 lacit
854 5230 1019 5285 Doederlein
1041 5235 1108 5287 Lat.
1132 5236 1285 5300 syncopa.
1307 5234 1339 5304 P·
1362 5235 1408 5290 Vl.
1498 5239 1506 5256 ·
1527 5235 1559 5303 2)
1576 5236 1608 5289 Ιιι
1624 5237 1720 5291 Senec.
1737 5237 1823 5291 Editt.
1841 5245 1906 5300 cett.
1922 5240 1954 5291 tss
1971 5240 2076 5305 syna.-
2093 5238 2206 5294 vitiose!
2240 5241 2311 5297 Nam
2328 5244 2415 5312 Gaio

441 5335 469 5384 p.
493 5317 553 5371 198.
573 5334 598 5372 s.
619 5334 646 5373 s.
670 5318 797 5372 litterae.
835 5316 892 5371 Sub
916 5315 1029 5368 Tiberio
1055 5333 1114 5369 mos
1137 5316 1270 5385 invaluit,
1293 5324 1325 5371 ut
1345 5335 1410 5387 sup·
1461 5321 1620 5388 Caesarem,
1647 5329 1810 5375 nauseantem
1842 5322 1983 5389 Armenia,
2015 5329 2043 5376 et
2070 5326 2182 5379 vumera
2205 5325 2368 5396 invalidam,
2382 5328 2416 5383 u

442 5400 526 5468 plicas
542 5400 731 5469 Imperatorem
749 5405 918 5470 praesentem
938 5405 1094 5467 praesentes
1112 5400 1247 5454 codicillis
1265 5400 1322 5454 sisa
1340 5402 1409 5455 scri-
1460 5406 1528 5457 urba
1544 5403 1659 5470 Lyciae,
1676 5404 1798 5471 Limyra,
1815 5407 1909 5459 morbo
1928 5408 2078 5460 decessisse
2095 5414 2174 5463 extra
2191 5426 2298 5466 omnem
2320 5412 2417 5467 dubita·

444 5489 491 5550 pto
509 5483 599 5551 aliquo
623 5484 744 5552 adirent,
769 5488 839 5538 testa
855 5482 946 5537 Tacit.
968 5483 1040 5535 Aun.
1056 5482 1134 5537 Libr.
1151 5485 1195 5539 lv.
1214 5500 1237 5538 c.
1256 5485 1299 5538 39.
1316 5485 1410 5555 ibique
1460 5488 1559 5542 donem
1576 5487 1667 5556 posuit
1682 5488 1809 5542 Noriaius
1827 5491 1923 5544 cenot.
1940 5491 1997 5549 Pis.
2014 5490 2090 5547 Dias.
2107 5494 2141 5547 ll.
2159 5511 2183 5550 c.
2200 5496 2243 5553 17.
2261 5512 2288 5565 p.
2305 5496 2401 5565 Mssa.

441 5565 568 5635 Lipsius:
586 5583 699 5635 quocum
718 5575 807 5624 tamen
824 5566 859 5623 cl.
877 5581 959 5634 snpra
976 5566 1052 5624 Libr.
1070 5567 1115 5622 111.
1134 5567 1161 5636 §.
1177 5567 1203 5622 5.
1222 5570 1256 5622 Ν.
1274 5569 1316 5621 33.
