5717 6575
479 584 567 703 ¹rso
1078 721 1081 725 ,
1188 628 1250 703 uu
1290 626 1816 702 ouossssmssucusm-

491 810 608 887 Dione
629 811 732 888 Cass.
755 811 855 890 Libr.
874 812 974 893 LIV.
997 840 1032 893 o.
1049 821 1128 912 la,
1153 819 1318 923 Angusto
1342 819 1499 921 primum
1523 819 1692 897 referenti
1718 846 1762 897 ea
1790 820 1906 917 dere
1927 818 1972 897 ad
1988 820 2160 900 Senatum
2171 823 2395 901 vehementer
2417 848 2488 905 neu

492 930 569 1005 sinc
596 932 761 1006 conviciis
783 935 875 1010 vitae
901 939 979 1036 ejus
1004 935 1220 1013 domesticae
1243 940 1349 1015 saetis
1372 940 1630 1017 nudauitatum
1653 941 1786 1037 luerit,
1811 966 1963 1044 eumque
1986 939 2131 1017 demum
2152 941 2355 1020 recitatione
2388 944 2489 1021 illius

494 1047 716 1125 Metellianao
736 1054 901 1130 orationis
922 1076 1029 1157 aegre
1050 1058 1229 1152 effecisse,
1254 1067 1295 1134 ut
1316 1058 1470 1136 Senatum
1504 1063 1702 1135 consultum
1734 1058 1913 1160 prodiret,
1945 1059 2038 1162 quod
2073 1085 2165 1136 anno
2196 1070 2278 1162 post
2308 1062 2492 1166 signibus·

495 1169 583 1243 verit
604 1170 773 1245 Horatius
795 1173 913 1248 Canu.
935 1174 1073 1251 Saecul.
1095 1201 1131 1252 v.
1159 1182 1206 1253 17
1227 1202 1307 1278 sqq.
1357 1179 1407 1253 At
1434 1178 1663 1273 lleineccius,
1696 1188 1944 1280 praeterquam
1979 1177 2077 1281 qnod
2113 1181 2261 1257 similem
2283 1180 2493 1282 Q.·Metelli

494 1283 674 1364 Numidici
697 1290 890 1366 orationem
913 1291 1005 1367 falso
1027 1295 1097 1369 huo
1118 1296 1242 1390 tralnit,
1278 1296 1388 1371 etiarn
1411 1300 1611 1397 conjectura
1635 1322 1703 1372 sua
1726 1323 1772 1372 ne
1795 1297 1958 1393 fallatur,
1993 1297 2182 1373 admodum
2209 1320 2345 1377 vercor.
2396 1300 2494 1377 Nam

494 1404 562 1480 ista
587 1406 720 1482 eliense
753 1412 919 1485 orationis
949 1413 1107 1488 recitatio
1138 1414 1176 1488 in
1206 1414 1385 1489 suadenda
1420 1413 1520 1516 apud
1550 1415 1721 1492 Senatum
1750 1418 1831 1518 lege
1865 1417 1972 1493 habet
2004 1418 2122 1494 nescio
2153 1415 2236 1519 quid
2270 1444 2343 1495 non
2373 1416 2495 1496 dicam

495 1525 659 1622 inertiae,
684 1524 750 1601 sed
774 1527 1035 1626 imbecillitatis,
1070 1521 1162 1633 quae
1181 1534 1324 1609 minime
1353 1534 1394 1607 in
1423 1535 1647 1634 Principem,
1686 1546 1868 1609 sueonum
1899 1535 2046 1611 civitatis
2078 1545 2250 1611 rectorem
2276 1544 2311 1611 et
2335 1538 2493 1615 alacrem

361 1746 364 1751 λ
495 1669 641 1718 suorum
664 1646 885 1721 consiliorum
908 1658 1086 1724 auctorem
1106 1660 1142 1725 et
1166 1662 1342 1748 actorem,
1373 1658 1512 1753 qualem
1532 1644 1613 1727 ¹tuns
1638 1652 1839 1754 Augustum
1866 1653 1982 1729 fuisse
2004 1656 2186 1748 novimus,
2212 1652 2340 1730 sedin
2364 1681 2495 1733 senem

496 1763 687 1838 invalidum
718 1789 761 1838 ao
792 1768 910 1841 multis
943 1768 1123 1871 irritisque
1154 1772 1245 1872 legis
1279 1773 1374 1846 illius
1409 1766 1647 1871 perferendae
1679 1774 1858 1847 carnatibus
1900 1771 2129 1874 defatigatum
2164 1773 2288 1849 cadere
2317 1773 2494 1851 videatur.

497 1881 653 1976 Idcirco,
676 1886 893 1982 conjecturae
917 1889 946 1961 si
971 1891 1070 1991 locus
1094 1889 1218 1985 datur,
1245 1894 1357 1965 multo
1374 1890 1588 1992 probabilius
1610 1898 1688 1985 est,
1717 1892 1922 1991 Augustum
1951 1891 2144 1966 orationem
2173 1892 2270 1966 illam
2290 1890 2495 1993 00'Mctelli

496 2000 714 2077 Macedonici
737 2002 775 2077 in
799 2002 935 2081 Senatu
955 2009 1138 2103 recitasse,
1162 2034 1271 2110 quum
1294 2035 1408 2084 senex
1440 2011 1731 2111 septuagenarius
1759 2012 1874 2109 legem
1906 2009 1952 2083 de
1983 2010 2189 2085 maritandis
2214 2008 2399 2123 ordinibus
2420 2038 2497 2113 po·

497 2126 669 2195 stremum
690 2118 857 2199 suaderet
881 2149 914 2199 a.
935 2126 982 2200 U.
1006 2126 1049 2202 G.
1074 2131 1161 2203 762.
1185 2154 1217 2202 s.
1241 2155 1276 2230 p.
1303 2130 1387 2204 Chr.
1412 2132 1450 2205 9.
1500 2128 1604 2202 Idem
1627 2128 1706 2202 fere
1728 2129 1841 2203 sentio
1864 2126 1909 2202 dc
1924 2127 2046 2201 Rutilii
2068 2130 2224 2203 oratione
2241 2155 2309 2229 per
2333 2129 2495 2206 edictum

498 2242 631 2341 populo
655 2239 829 2342 publicata
851 2250 887 2318 et
907 2244 1168 2343 commendata,
1194 2271 1299 2347 quam
1324 2234 1458 2349 pariter
1480 2245 1527 2325 ad
1552 2247 1679 2323 seniles
1706 2251 1784 2349 ojus
1807 2270 1916 2322 annos
1937 2244 2075 2321 relerre
2098 2270 2170 2322 non
2188 2246 2389 2346 nubtum)

656 2650 736 2727 Non
761 2651 862 2731 iaeile
886 2657 1071 2761 quisquam
1093 2658 1289 2736 invenietur
1311 2660 1373 2763 qui
1397 2658 1552 2763 Augusti
1578 2658 1815 2765 diligentiam,
1849 2656 2047 2736 cautionem
2080 2668 2118 2736 ct
2153 2684 2272 2737 euram
2290 2658 2329 2735 in
2357 2658 2496 2735 oratio-

500 2764 603 2842 nibus
626 2770 776 2871 publicis
801 2784 1006 2878 usurpatam
1026 2778 1263 2880 reprehendat
1285 2789 1321 2855 et
1345 2778 1513 2879 Principe
1537 2780 1717 2883 indignam
1743 2786 1894 2855 censeat.
1945 2776 2019 2856 Sed
2034 2786 2136 2855 erunt
2153 2779 2306 2855 sortasse
2327 2775 2389 2879 qui
2409 2804 2495 2853 cnm

501 2888 716 2966 cavillatione
737 2892 874 2969 rideant
897 2922 1050 2999 eumque
1077 2898 1287 3000 ineptiarum
1310 2924 1412 2974 reum
1436 2907 1554 3000 agant,
1577 2900 1639 2973 ubi
1662 2898 1830 2973 traditrnu
1854 2898 2002 3000 legerint
2020 2895 2113 3000 apud
2131 2897 2338 2973 Suetonium
2359 2924 2389 2973 c.
2407 2900 2496 2975 SA:

499 3003 721 3101 „Sermones
745 3037 883 3114 quoque
912 3041 990 3090 curn
1016 3017 1174 3121 singulis,
1199 3024 1302 3120 atquc
1326 3018 1432 3094 etiam
1457 3044 1538 3093 cum
1561 3015 1664 3091 Livia
1686 3043 1762 3113 sua,
1779 3018 1959 3119 graviores
1985 3043 2057 3091 non
2081 3017 2150 3091 nisi
2172 3018 2320 3119 scriptos
2344 3021 2423 3091 cte
2448 3014 2498 3089 li-

501 3122 593 3199 bello
620 3125 785 3225 babebat,
819 3158 865 3206 ne
888 3136 967 3234 plus
988 3138 1151 3211 minusve
1176 3138 1381 3237 loqueretur
1406 3163 1454 3213 cx
1473 3138 1680 3237 temporc.“
1730 3134 1872 3237 Quibus
1895 3134 2013 3211 verbis
2038 3136 2187 3235 prolatis
2206 3133 2392 3236 profitetur
2414 3133 2498 3235 ipse

504 3239 562 3322 lo.
588 3242 635 3321 G.
658 3247 835 3352 Bergerus
858 3251 895 3327 in
920 3252 1065 3330 Rhetor.
1087 3256 1183 3358 Aug.
1202 3256 1356 3357 Spcoim.
1378 3255 1411 3334 Ι.
1437 3283 1475 3359 p.
1503 3261 1552 3335 55
1576 3282 1653 3358 sq:
1678 3253 1883 3357 „Equidem
1905 3280 1975 3330 non
1994 3250 2128 3352 dubito,
2150 3254 2230 3331 sore
2251 3280 2323 3331 non
2344 3277 2498 3357 paucos,

506 3361 635 3463 quibus
659 3374 719 3442 aut
742 3370 830 3444 mira
855 3379 916 3446 aut
938 3374 1043 3448 otiam
1065 3374 1211 3451 ridicula
1233 3375 1393 3454 videatur
1416 3384 1514 3452 tanta
1538 3376 1575 3450 in
1598 3375 1805 3471 scribendo,
1842 3372 1905 3449 ubi
1929 3399 2089 3450 sermone
2115 3399 2174 3448 res
2199 3371 2319 3449 confici
2341 3380 2499 3475 poterat,

508 3481 662 3585 Augusti
686 3485 878 3590 diligentia,
905 3501 1068 3595 quantun
1095 3494 1247 3570 fortasse
1271 3495 1490 3570 eruditorum
1512 3495 1627 3595 pauci,
1652 3493 1780 3570 nedum
1794 3493 1981 3595 principes,
2006 3491 2171 3567 adbibere
2197 3493 2275 3594 pari
2298 3491 2500 3568 constantia

505 3603 564 3674 rel
590 3605 698 3679 velint
721 3611 775 3682 rel
800 3609 949 3710 possint.
1006 3614 1057 3688 At
1086 3639 1167 3689 cum
1189 3616 1375 3717 Augustus
1408 3642 1478 3690 non
1502 3613 1707 3689 deficeretur
1741 3611 1787 3686 ad
1814 3611 1932 3690 subita
1969 3611 2201 3713 extemporali
2234 3612 2421 3708 facultate,
2457 3619 2501 3684 nt

509 3717 607 3794 addit
628 3723 873 3829 Tranquillus,
907 3757 980 3806 non
1009 3732 1149 3834 aliquod
1173 3742 1318 3808 naturae
1343 3734 1467 3809 vitium
1491 3733 1610 3836 prodit
1631 3731 1689 3808 hic
1711 3731 1829 3828 labor,
1864 3728 1928 3807 sed
1949 3729 2070 3835 magni
2093 3731 2348 3834 singularisque
2357 3726 2501 3830 judicii,

508 3863 579 3940 qno
603 3841 640 3917 in
662 3845 769 3922 rebus
791 3849 952 3952 gerendis
977 3853 1029 3926 uti
1056 3853 1178 3928 solitus
1205 3860 1258 3929 est
1281 3855 1361 3949 illc,
1400 3850 1763 3955 circumspectionem,
1795 3875 1864 3951 qua
1899 3849 2149 3952 providebatur
2171 3849 2211 3925 in
2231 3846 2318 3925 tanti
2343 3846 2415 3924 loci
2440 3845 2498 3923 fa·

508 3958 612 4063 stigio
634 3965 839 4064 sapienter,
867 3995 913 4045 ne
944 3969 1025 4073 quid
1060 3969 1238 4046 excideret
1261 3974 1320 4046 vcl
1344 3971 1473 4047 dictum
1498 3978 1629 4048 temere
1650 3972 1708 4046 rel
1731 3971 1857 4045 melius
1881 3967 2177 4068 dicendum.“³²)
2207 4013 2210 4018 ,

660 4083 765 4182 Mihi,
790 4093 830 4160 ut
853 4088 1003 4188 ingenua
1020 4089 1150 4182 fatear,
1173 4090 1243 4165 iste
1268 4091 1421 4192 Augusti
1445 4115 1628 4165 moseum
1651 4088 1894 4190 praesentibus
1920 4088 2118 4188 exscripto
2140 4087 2257 4162 libello
2278 4080 2409 4190 agendi
2434 4081 2503 4160 dc-

512 4221 583 4296 qne
605 4199 714 4277 rebus
742 4205 904 4304 quamvis
928 4207 1067 4310 magnis
1090 4213 1125 4281 et
1152 4209 1322 4309 gravibus
1346 4207 1562 4310 colloquendi
1586 4232 1778 4308 numquam
1798 4233 1872 4282 non
1893 4209 2006 4282 mirus
2023 4204 2212 4280 admodum
2235 4230 2277 4280 ao
2301 4229 2417 4306 paene
2442 4203 2503 4279 in·

390 4376 394 4384 .
512 4323 617 4416 optus
638 4320 734 4396 visus
761 4331 828 4397 est.
878 4323 921 4400 Si
947 4324 1026 4422 ille,
1051 4351 1243 4427 quoscum
1268 4327 1347 4402 aliis
1372 4330 1561 4403 collaturus
1596 4334 1673 4402 crat
1702 4350 1898 4424 sermones,
1929 4351 2054 4401 eorum
2079 4325 2218 4426 potiora
2247 4331 2428 4400 momenta
2466 4333 2503 4398 ct

512 4441 591 4532 res,
616 4463 662 4513 ne
685 4467 774 4542 quac
797 4441 1002 4519 exciderent
1022 4445 1209 4541 momoria,
1234 4445 1342 4521 veluti
1367 4447 1499 4521 calamo
1534 4445 1723 4521 meditatus
1754 4445 1852 4547 prius
1876 4471 1982 4547 quarn
2002 4447 2227 4546 eloqueretur
2256 4441 2382 4519 litteris
2411 4467 2504 4520 con·

512 4555 706 4655 signasset,
726 4560 910 4639 laudarem
936 4563 1107 4666 ejusruodi
1129 4567 1324 4640 cautionem
1346 4565 1564 4665 terramque,
1611 4565 1823 4666 praesertim
1845 4564 1884 4638 in
1910 4567 2033 4659 sene,¹
2060 4565 2165 4637 talem
2191 4563 2337 4665 linguae
2360 4587 2506 4637 mertro-

513 4674 655 4777 riaequc
680 4678 907 4759 diffidentiam
926 4684 1085 4787 adeoque
1110 4707 1342 4779 excusarem
1392 4684 1456 4760 scd
1479 4682 1665 4780 eumdem,
1700 4682 1794 4759 baud
1826 4682 2009 4758 mediocris
2047 4680 2183 4785 ingenii
2211 4681 2409 4774 hominem,
2447 4707 2505 4776 ea,

512 4815 941 4843 Ἣ

578 4875 626 4946 31)
641 4879 684 4933 De
700 4883 730 4936 P.
746 4884 851 4937 Rutilio
868 4888 960 4956 Raso,
990 4887 1035 4959 qni
1058 4887 1160 4942 Consul
1186 4893 1246 4941 erat
1268 4904 1292 4941 a.
1312 4887 1346 4942 U.
1371 4887 1401 4941 C.
1422 4885 1484 4944 619.
1532 4894 1588 4957 set,
1605 4887 1702 4958 quippe
1719 4903 1753 4941 ex
1770 4903 1822 4956 qno
1839 4884 1954 4953 Augusti
1974 4883 2119 4955 prudentia
2140 4881 2256 4938 masrime
2278 4883 2308 4938 in
2330 4883 2508 4938 concssiando

512 4975 536 5017 a.
551 4961 627 5032 105„
644 4966 753 5035 copiose
773 4969 830 5036 egit
851 4971 1002 5026 Ellendtins
1026 4973 1055 5027 iu
1072 4973 1182 5039 Proleg.
1206 4973 1241 5025 nd
1259 4972 1384 5026 Cicerou.
1406 4974 1481 5026 Brut.
1533 4978 1561 5026 et
1576 4973 1662 5042 perite
1679 4970 1871 5026 commorando
1889 4977 1967 5040 atque
1982 4971 2012 5024 iu
2028 4969 2118 5025 sobrio
2130 4971 2321 5040 moderatoque
2333 4967 2445 5023 dicendi
2457 4985 2509 5023 usn

512 5060 541 5115 p.
557 5048 590 5101 1..
607 5065 665 5118 sqq.
688 5052 843 5107 Orationem
859 5055 933 5110 illam
951 5058 985 5111 dc
1001 5058 1082 5112 modo
1100 5056 1282 5112 aediuciorun
1298 5056 1328 5111 iu
1345 5056 1483 5111 aedilitate
1532 5063 1717 5125 cognoscatur.
1751 5056 1808 5111 Sed
1823 5055 2001 5111 interamnae
2017 5053 2098 5109 bodie
2115 5053 2259 5109 convenire
2275 5053 2402 5122 arbitror,
2419 5059 2509 5108 totum

511 5130 548 5186 ab
564 5147 598 5187 eo
614 5132 732 5190 habitam
749 5153 823 5207 csse,
845 5140 953 5208 conjicit
971 5143 1096 5210 bleyerns
1117 5142 1145 5196 in
1167 5143 1254 5197 0ratt.
1277 5143 1354 5198 Rom.
1371 5143 1482 5211 Fragm.
1531 5142 1602 5196 istud
1618 5141 1732 5209 Augusti
1749 5141 1893 5210 alloquium
1909 5140 2010 5211 pariter
2027 5157 2059 5193 ao
2076 5154 2232 5208 responsum
2248 5137 2286 5191 Μ.
2298 5137 2411 5192 Antoml
2428 5153 2453 5194 e.
2463 5139 2509 5194 18.

512 5216 617 5287 1³·132
637 5221 672 5275 el.
689 5221 799 5276 Kranaii
815 5222 868 5276 Vit.
884 5230 912 5278 et
928 5225 1036 5294 Fragm.
1053 5228 1122 5282 Hist.
1138 5229 1215 5283 Rom.
1232 5245 1260 5298 p.
1275 5229 1336 5283 232.
1352 5227 1388 5282 N.
1404 5229 1430 5283 l.
1532 5229 1574 5283 19.
1592 5231 1620 5281 et
1636 5227 1678 5284 20.
1695 5227 1730 5280 ab
1746 5226 1871 5296 Appiano
1888 5241 1923 5280 ex
1940 5242 1970 5279 re
1987 5229 2015 5277 et
2031 5241 2125 5278 canam
2148 5223 2232 5276 libere
2249 5220 2428 5292 compositum
2446 5239 2510 5277 esse

578 5303 629 5371 ³2)
643 5305 726 5362 Errat
740 5313 829 5361 antem
851 5308 900 5363 Vir
921 5309 1038 5378 Doctus,
1058 5313 1105 5366 nbi
1125 5312 1154 5365 in
1170 5312 1249 5367 Rhet.
1265 5315 1335 5381 Aug.
1353 5313 1431 5383 Sper.
1448 5313 1481 5366 11.
1533 5319 1572 5380 et,
1595 5312 1618 5365 si
1635 5311 1699 5380 quid
1716 5312 1782 5364 artis
1797 5311 1826 5364 in
1844 5310 1958 5364 dicendo
1975 5309 2024 5378 ait,
2047 5308 2076 5362 id
2092 5307 2171 5362 unice
2193 5306 2286 5360 deberi
2303 5305 2448 5376 scriptoris
2465 5307 2511 5362 in·

511 5403 539 5456 p.
555 5386 664 5445 XXXV.
680 5407 715 5446 ex
731 5391 784 5447 boo
800 5391 900 5460 geriere
916 5410 976 5447 csse
993 5396 1117 5465 opinatur
1133 5412 1281 5451 sermonem
1291 5397 1405 5466 Augusti
1421 5413 1481 5450 eum
1532 5394 1612 5465 genio
1629 5401 1658 5450 et
1675 5395 1822 5451 doctrinae.
1855 5396 1941 5450 Paulo
1958 5393 2036 5448 aliter
2057 5391 2235 5461 indicabimus
2258 5391 2292 5443 de
2308 5391 2429 5458 Augusti
2446 5405 2509 5445 enm

511 5471 550 5525 11.
566 5476 683 5530 Antonio
698 5477 763 5533 cos.
779 5494 806 5535 a.
821 5480 856 5533 ll.
872 5479 904 5534 O.
921 5477 980 5535 710.
997 5497 1019 5533 s.
1035 5481 1079 5535 ll.
1096 5479 1125 5533 iu
1142 5481 1226 5534 hortis
1239 5482 1409 5551 Pompeianis
1431 5479 1482 5534 ha·
1530 5482 1564 5537 L.
1580 5480 1697 5535 Antonio
1714 5482 1749 5533 ad
1766 5479 1905 5533 Perusiam
1922 5495 2057 5548 sermone,
2081 5493 2159 5548 quem
2175 5476 2246 5531 idem
2261 5474 2405 5546 Appianas
2423 5475 2458 5534 Β.
2475 5475 2510 5531 c.

512 5553 610 5625 bitum,
634 5575 712 5628 quern
735 5579 779 5633 ap.
801 5564 953 5634 Appianum
969 5565 1002 5620 B.
1019 5565 1051 5620 C.
1075 5565 1149 5620 Libr.
1166 5567 1211 5618 lll.
1234 5581 1257 5620 o.
1275 5567 1317 5620 lt.
1334 5567 1376 5621 lo.
1393 5571 1423 5620 et
1438 5567 1479 5621 17.
1530 5565 1605 5621 Libr.
1621 5565 1653 5620 V.
1671 5580 1695 5623 c.
1712 5564 1755 5623 45.
1771 5564 1883 5636 profert·

411 5663 421 5674 ·
510 5644 623 5698 relatum
639 5645 767 5716 legimns,
784 5657 812 5703 et
827 5665 906 5720 quem
922 5650 1058 5719 Ilergetus
1073 5667 1172 5721 magua
1195 5665 1255 5706 cnm
1270 5653 1351 5706 laudo
1366 5665 1479 5723 percen-
