5717 6575
1037 626 1277 742 promum,
1296 627 1541 699 MAGISTRIS
1561 626 1620 700 AC
1641 625 1830 728 senens.
2371 646 2421 719 25

428 818 606 898 mentori
626 815 812 893 interiecto
834 820 982 918 ejusque
1008 810 1153 892 caedem
1183 817 1289 892 alacri
1322 818 1439 892 animo
1462 820 1614 893 nltnrass
1646 824 1764 891 tomen
1787 816 1865 892 sire
1888 816 2013 893 litteris
2031 819 2243 923 monitisque
2265 823 2421 930 Philippi

427 938 547 1039 sitrici
572 945 608 1014 et
627 937 769 1033 matris,
794 943 836 1011 ut
849 936 1045 1037 Appianas
1069 937 1113 1011 B.
1136 935 1179 1013 C.
1203 935 1304 1013 libr.
1331 936 1397 1011 llI.
1425 961 1458 1013 c.
1485 941 1545 1013 10.
1571 936 1638 1030 ait,
1662 937 1736 1011 sive
1758 943 1855 1011 metu
1879 935 2050 1014 adductus
2075 947 2421 1045 etpavore,p1iva·

425 1067 486 1140 ns
510 1067 548 1136 et
576 1082 645 1133 nna
674 1081 757 1132 enm
787 1056 951 1158 Agrippa
987 1055 1139 1157 aliisque
1171 1056 1289 1131 amicis
1311 1057 1497 1158 ingressus
1522 1062 1576 1131 est
1609 1055 1679 1130 iter
1709 1054 1749 1128 iu
1772 1055 1909 1130 Italiam
1932 1055 2027 1130 etin
2047 1057 2202 1134 vicinum
2226 1062 2421 1142 Brundisio

427 1177 665 1284 oppidulum,
694 1177 751 1252 oui
775 1183 917 1274 hupins
939 1199 1069 1249 nomen
1101 1181 1195 1269 erat,
1234 1171 1383 1276 trajecit.
1392 1175 1445 1271 51)
1495 1173 1722 1249 Brundisium
1748 1174 1844 1249 enim
1869 1176 2046 1274 appellere
2069 1177 2180 1253 noluit
2199 1179 2354 1259 incertus
2377 1184 2423 1261 do

426 1299 606 1402 legiam
632 1299 709 1396 ejus
732 1295 803 1370 loci
828 1295 1022 1392 voluntate,
1053 1301 1094 1367 ut
1118 1292 1214 1367 idem
1238 1292 1424 1393 Appianus
1449 1293 1569 1368 refert.
1619 1290 1745 1392 Lupiis
1770 1293 1984 1393 aliquamdiu
2008 1302 2168 1372 versatus
2189 1324 2292 1397 oum,
2324 1302 2422 1404 qnod

428 1417 663 1519 Apolloniae,
702 1422 845 1489 auctore
867 1414 983 1488 Dione
1007 1412 1109 1489 Cass.
1132 1411 1237 1525 Libr.
1256 1410 1374 1487 XLV.
1398 1437 1431 1487 e.
1452 1417 1501 1507 3.,
1526 1410 1682 1488 noudum
1708 1413 1898 1507 rescierat,
1932 1411 2148 1512 audivisset,
2173 1440 2215 1493 se
2235 1420 2281 1494 ab
2309 1444 2422 1498 arnn-

429 1536 561 1614 maloin
583 1541 727 1637 gentem
750 1533 881 1610 Juliam
911 1556 1113 1630 nomenque
1142 1530 1307 1606 Caesaris
1345 1528 1549 1630 adoptatum
1579 1537 1615 1604 et
1637 1529 1802 1605 heredem
1825 1556 1873 1606 ex
1898 1530 2067 1609 dodrante
2088 1536 2306 1613 nominatum
2329 1566 2422 1640 esse,

429 1654 596 1732 audacior
616 1653 731 1727 fectus
756 1649 987 1726 Brundisium
1012 1649 1100 1724 adiit
1120 1656 1157 1724 et
1181 1672 1205 1722 a
1228 1649 1395 1724 militibus
1418 1648 1556 1759 obviam
1571 1647 1779 1724 exeunt²bus
1798 1655 1935 1727 Cacsar
1959 1654 2127 1729 salutatus
2151 1663 2214 1731 cst.
2265 1659 2423 1737 Auctore

429 1772 567 1872 Velleio
592 1772 732 1846 Patere.
758 1769 856 1845 libr.
885 1768 934 1844 ll.
958 1795 991 1844 o.
1014 1771 1075 1846 59.
1101 1778 1133 1860 i.
1157 1771 1195 1845 5.
1216 1768 1256 1842 in
1276 1767 1342 1842 heo
1372 1766 1514 1841 deinum
1537 1766 1627 1841 urbe
1652 1793 1793 1843 omnem
1816 1768 1976 1844 ordinem
1999 1795 2042 1845 ac
2070 1774 2243 1849 rationem
2267 1784 2303 1851 et
2324 1781 2422 1856 necis

430 1899 468 1971 st
485 1891 688 1968 testamenti
710 1889 898 1988 comperit:
924 1913 997 1990 quo
1010 1887 1109 1962 iacto
1134 1884 1365 1963 hereditatem
1385 1911 1529 1962 cernere
1551 1886 1730 1962 constituit
1750 1912 1861 1989 seque
1885 1889 1924 1962 in
1944 1895 2088 1991 gentem
2111 1891 2241 1970 lulium
2261 1895 2422 1999 adscivit,

429 2018 470 2091 ut
491 2011 541 2087 nit
563 2008 679 2086 lulius
703 2007 914 2109 Obsequens
935 2032 968 2082 c.
990 2011 1085 2115 ¹128.

529 2160 663 2238 Itinere
687 2161 725 2234 in
745 2159 879 2235 Urbem
906 2183 978 2233 non
1006 2159 1219 2254 accelerato,
1255 2154 1379 2259 paucis
1404 2182 1485 2232 oum
1517 2155 1702 2233 comitibus
1728 2157 1890 2258 pervenit
1913 2155 1950 2235 d.
1972 2160 2074 2238 XIV.
2104 2162 2190 2240 Kal.
2212 2164 2302 2268 maj.
2325 2169 2362 2246 h.
2387 2197 2422 2249 e.

430 2276 490 2356 dio
506 2284 577 2357 18.
600 2279 735 2378 Aprilis
757 2276 954 2379 Neapolim,
982 2284 1022 2350 ut
1048 2275 1214 2352 discimus
1237 2302 1285 2351 cx
1308 2276 1488 2352 Ciceronis
1512 2274 1556 2350 ad
1580 2277 1688 2352 Attio.
1712 2276 1814 2351 Libr.
1823 2277 1926 2354 XIV.
1937 2277 2008 2379 Ep.
2020 2285 2081 2358 10.
2103 2288 2136 2371 i.
2162 2287 2213 2360 da
2227 2285 2422 2380 „Octavius

427 2397 616 2501 Neapolim
640 2398 736 2472 venit
756 2395 857 2472 XIV.
878 2396 963 2471 Kal.
1012 2394 1066 2470 Ibi
1093 2420 1174 2469 cnm
1198 2394 1332 2469 Balbus
1363 2419 1468 2469 mane
1502 2395 1690 2496 postridic;
1727 2394 1918 2497 eodemque
1944 2397 2000 2474 die
2024 2424 2163 2476 mecum
2187 2403 2225 2476 in
2250 2403 2422 2507 Cumano,

427 2516 529 2593 illum
553 2514 782 2601 hereditatem
801 2514 989 2590 editurum.
1039 2511 1134 2609 Sed,
1160 2519 1202 2588 ut
1218 2513 1356 2611 scribis,
1381 2508 1601 2612 ῥοιζόθεμιν
1623 2538 1788 2616 magnam
1813 2541 1895 2590 oum
1912 2517 2107 2592 Antonio.“
2155 2521 2289 2599 Balbus
2313 2528 2421 2626 enim,

429 2636 596 2739 quitum
621 2634 797 2736 adaquas
821 2633 973 2735 Bajanas
998 2639 1074 2707 erat
1098 2635 1150 2730 (v.
1174 2631 1296 2708 Cicero
1321 2631 1367 2706 ad
1389 2633 1531 2707 Divers.
1554 2630 1657 2708 Libr.
1681 2633 1783 2708 XVI.
1807 2632 1877 2734 Ep.
1903 2640 1966 2711 24.
1984 2646 2018 2726 i.
2040 2635 2110 2733 2.),
2140 2639 2305 2742 Augusto
2327 2644 2423 2723 houd

430 2753 540 2830 dubie
573 2753 713 2829 obviam
744 2752 919 2857 proiectus
940 2751 1125 2852 Neapolim
1151 2776 1234 2826 eum
1257 2776 1362 2826 mane
1385 2749 1560 2852 postridie
1581 2751 1619 2825 h.
1643 2775 1677 2827 e.
1701 2749 1760 2826 die
1786 2755 1847 2828 19.
1881 2752 2015 2853 Aprilis
2040 2754 2196 2853 rideret,
2229 2760 2422 2867 eodemque

429 2872 490 2950 die
511 2872 720 2950 Ciceronem
749 2871 787 2946 in
819 2870 979 2946 Cumano
1005 2876 1213 2966 convenerat
1235 2871 1340 2972 eique
1358 2869 1527 2965 dixerat,
1556 2869 1657 2943 silum
1688 2871 1850 2945 avunculi
1870 2870 2098 2949 hereditatem
2129 2874 2307 2957 aditurum
2328 2909 2421 2964 esse,

428 2993 616 3096 Augustus
638 2989 748 3066 biduo
770 2998 854 3090 post
878 3015 981 3090 quarn
1006 2987 1210 3085 advenerat,
1236 3013 1277 3064 sc
1303 2991 1496 3064 contulerat
1519 2988 1559 3062 in
1582 2989 1700 3063 villam
1715 2988 1870 3091 Philippi
1895 2990 2216 3094 viniciproximam
2227 2997 2420 3081 Puteolano

429 3109 628 3203 Ciceronis,
660 3109 721 3210 qui
747 3108 783 3184 d.
807 3108 896 3183 XII.
921 3109 1005 3184 Kal.
1029 3109 1117 3209 Maj.
1139 3109 1175 3183 h.
1202 3133 1235 3183 c.
1261 3106 1318 3203 die
1343 3113 1406 3185 20.
1428 3107 1562 3207 Aprilis
1586 3107 1704 3182 Attico
1728 3106 1832 3182 Libr.
1857 3109 1959 3185 XIV.
1983 3110 2055 3212 Ep.
2080 3117 2141 3188 ll.
2163 3124 2196 3206 ς.
2219 3120 2256 3192 2.
2280 3121 2420 3202 scribite

429 3230 527 3330 „llic
549 3230 603 3328 (in
625 3229 838 3323 Puteolano)
867 3253 1005 3301 mecum
1027 3226 1181 3322 Balbus,
1207 3227 1357 3323 Hirtius,
1380 3227 1510 3301 Pansa.
1562 3224 1673 3301 Modo
1696 3227 1793 3302 venit
1819 3225 1988 3306 Octavius
2011 3237 2046 3306 et
2072 3231 2212 3332 quidem
2227 3235 2266 3311 in
2293 3243 2421 3340 proxi·

430 3374 529 3425 mam
565 3349 683 3423 udlam
708 3347 885 3447 Philippi,
919 3346 1004 3420 mihi
1038 3352 1135 3420 totus
1160 3344 1338 3421 deditus.“
1386 3345 1536 3420 Duobus
1560 3344 1690 3419 iterum
1715 3343 1839 3422 diebus
1861 3356 1962 3450 post,
1997 3348 2031 3423 d.
2056 3352 2106 3425 X.
2128 3353 2280 3432 Kalend.
2303 3360 2420 3463 Majas

430 3466 471 3545 h.
493 3492 526 3543 e.
550 3465 608 3542 de
644 3471 707 3542 22.
731 3465 863 3566 Aprilis
887 3489 966 3538 cum
990 3464 1112 3538 vitrico
1132 3489 1220 3561 suo,
1247 3463 1433 3564 Philippo,
1471 3465 1511 3538 in
1534 3462 1691 3539 Cumano
1715 3467 1873 3540 convenit
1897 3466 2117 3567 Ciceronem,
2148 3474 2206 3573 qui
2237 3474 2282 3550 de
2305 3503 2349 3553 eo
2374 3481 2421 3556 ad

429 3585 590 3666 Atticum
611 3586 754 3685 scipsit
769 3583 869 3660 Libr.
883 3582 988 3660 XIV.
1002 3581 1074 3684 Ep.
1092 3588 1152 3660 12.
1163 3597 1195 3677 ς.
1207 3589 1258 3660 2.ε
1283 3582 1505 3679 „Nobiscum
1517 3581 1576 3656 hic
1593 3580 1846 3683 perhonorifice
1863 3592 1897 3659 et
1911 3587 2089 3686 peramiee
2105 3587 2293 3670 Octavium
2318 3624 2422 3698 quern

433 3704 576 3809 quidem
602 3704 658 3780 sni.
685 3702 876 3779 Caesarem
902 3702 1118 3797 salutabant,
1152 3701 1338 3801 Philippus
1360 3727 1453 3776 non:
1484 3701 1601 3802 itaque
1621 3726 1666 3775 ne
1690 3728 1757 3778 nos
1777 3702 1935 3803 quidem3
1967 3731 2070 3806 quem
2095 3733 2186 3810 nego
2210 3737 2319 3810 posse
2341 3742 2422 3794 esse

431 3825 567 3902 bonum
591 3824 723 3898 circmt
752 3824 801 3894 ita
832 3821 933 3896 multi
970 3845 1051 3894 eum
1073 3822 1318 3914 circumstant,
1353 3819 1415 3921 qui
1447 3819 1587 3921 quidem
1610 3820 1739 3896 noshis
1762 3828 1910 3896 mortem
1934 3825 2153 3920 minitantur3
2184 3840 2315 3931 negant
2334 3833 2421 3913 haec
2477 3907 2493 3934 ,

380 4009 384 4018 .
431 3941 519 4039 femi
539 3967 657 4043 posse.
708 3937 806 4039 Quid
829 3965 972 4034 censes,
1001 3965 1111 4039 quum
1135 3938 1293 4013 Romam
1309 3964 1402 4039 puer
1425 3937 1579 4033 venerit,
1601 3938 1664 4011 ubi
1690 3940 1803 4013 nostri
1823 3940 2027 4017 liberatores
2043 3950 2117 4019 tuto
2140 3971 2220 4023 esse
2243 3975 2314 4025 non
2333 3978 2421 4053 pos·

431 4057 578 4139 -tpu
601 4059 683 4159 Quo
708 4057 765 4133 die
787 4058 938 4132 Romam
969 4051 1151 4159 ingressus
1177 4058 1224 4133 sit
1243 4057 1448 4160 Augustus,
1474 4065 1568 4131 certo
1591 4054 1726 4131 definiri
1757 4059 1898 4160 nequitu
1932 4060 2155 4138 Plutarchum
2182 4092 2337 4168 errasse,
2360 4074 2422 4174 qni

433 4179 477 4256 iu
499 4180 572 4257 Vit.
595 4177 775 4255 Ciceronis
798 4202 830 4253 o.
859 4182 922 4253 43.
945 4202 1003 4251 res
1027 4178 1077 4250 ita
1100 4178 1330 4278 conjunxerit,
1352 4177 1453 4277 quasi
1477 4176 1535 4250 ille
1549 4199 1671 4250 mense
1696 4172 2062 4278 demum'Scptembri
2083 4182 2121 4256 in
2147 4184 2280 4260 Urbem
2304 4193 2422 4269 venis·

434 4305 512 4396 set,
539 4296 776 4396 ostenditjam
799 4294 883 4371 Seb.
910 4294 1090 4371 Corradus
1110 4297 1148 4370 in
1173 4295 1360 4394 Quaestor.
1386 4279 1424 4394 p.
1450 4299 1525 4371 227
1549 4318 1603 4393 sq.
1654 4292 1744 4369 Cum
1770 4295 1857 4369 hora
1880 4295 1951 4369 diei
1977 4300 2078 4372 tertia
2099 4301 2249 4378 Romam
2273 4306 2421 4387 intraret

432 4416 570 4520 ingeni
606 4416 756 4517 stipatus
780 4413 1021 4509 multitudine,
1056 4414 1151 4490 Solis
1182 4414 1280 4489 orbis
1312 4438 1421 4514 super
1455 4419 1560 4512 caput
1584 4414 1663 4510 ejus
1686 4422 1850 4488 curvatus
1873 4416 2066 4515 aequaliter
2088 4420 2363 4526 rotundatusqns
2384 4431 2421 4505 in

433 4537 614 4613 coloseum
647 4559 787 4629 arcum,
819 4535 917 4607 velut
944 4545 1107 4607 coronam
1129 4532 1215 4607 tanti
1234 4557 1322 4606 mox
1341 4530 1412 4605 viri
1444 4531 1548 4632 capii'.
1577 4531 1760 4631 imponens
1783 4542 1993 4634 conspectus
2027 4543 2101 4631 cst,
2132 4537 2278 4614 ututur
2302 4547 2420 4624 verbis

433 4652 562 4755 Velleji
585 4652 724 4728 Patere.
752 4650 854 4727 libr.
876 4650 927 4730 ll.
953 4677 983 4727 o.
1006 4654 1069 4729 59.
1102 4661 1135 4743 §.
1157 4656 1197 4730 6.
1215 4657 1251 4725 et
1273 4649 1356 4727 Julii
1379 4647 1619 4750 Obsequcniis
1643 4673 1674 4726 a.
1699 4654 1786 4727 128.
1802 4649 1856 4747 ⁵³)
1912 4649 2126 4729 Adventanti
2157 4656 2192 4731 ei
2222 4657 2262 4733 in
2287 4663 2421 4742 Urbem

503 4919 552 4993 52)
573 4923 721 4992 Augustam
741 4922 818 4977 initio
840 4919 939 4977 mensis
960 4918 1061 4991 Aprilis
1076 4917 1178 4990 Lupias
1198 4916 1322 4987 senisse,
1343 4916 1408 4973 lude
1449 4921 1504 4972 tam
1525 4917 1555 4974 ln
1576 4917 1663 4990 Epist.
1686 4918 1722 4974 sd
1744 4917 1873 4974 Orelliurn
1897 4936 1925 4990 p.
1946 4920 2100 4992 xxxvnr„
2116 4922 2141 4979 sl
2156 4923 2263 4995 quidem
2278 4930 2421 4990 lectionem

433 5006 531 5077 mlllgl
544 5007 618 5077 lieet,
634 5009 706 5081 qnpd
723 5007 819 5062 Cicero
844 5008 879 5061 sd
895 5005 1011 5060 Atticum
1027 5004 1121 5059 scribit
1135 5004 1209 5059 Laior.
1225 5005 1295 5059 xlv.
1312 5004 1364 5073 Ep.
1380 5000 1408 5059 5.
1449 5004 1586 5073 vulgatam
1601 5013 1687 5073 seque
1703 5019 1736 5057 so
1752 5004 1931 5071 coniecturum
1945 5005 2046 5060 liothii:
2062 5009 2093 5061 ls
2109 5024 2208 5065 mosem
2218 5028 2310 5079 arcas,
2326 5033 2421 5087 qnam.

433 5089 519 5164 §.a-
532 5093 588 5147 Μ
602 5094 681 5146 selles
697 5093 777 5156 saise,
794 5093 859 5163 pald
873 5092 1002 5144 oderem
1021 5090 1138 5143 cums.-
1153 5105 1218 5142 osss
1234 5088 1281 5159 osi
1296 5091 1421 5141 cosess·'
1448 5086 1491 5143 sis
1511 5104 1592 5144 sensu
1614 5089 1794 5156 commodam,
1817 5089 1995 5143 condemnare
2015 5090 2081 5146 mibi
2095 5091 2202 5150 ridetur
2216 5098 2343 5154 monitum
2358 5103 2421 5159 Pri·

433 5191 488 5234 sss
500 5178 539 5231 sd
553 5193 631 5240 ssss,
650 5193 716 5231 seso
731 5191 799 5246 osae
814 5175 1001 5244 νεωτερισμοῦ
1010 5175 1138 5242 asspicio.
1170 5174 1234 5227 Nos
1248 5181 1315 5241 peto
1331 5174 1409 5242 eooi-
1449 5172 1535 5228 scisni
1549 5173 1625 5230 nior.
1641 5173 1685 5228 Vl.
1702 5187 1726 5228 o.
1743 5172 1785 5227 11.
1803 5171 1831 5241 5.
1847 5173 1891 5228 71.
1907 5174 1967 5230 Vol.
1983 5175 2006 5230 1.
2022 5192 2049 5245 p.
2065 5176 2184 5237 mllr.
2198 5181 2420 5242 Prmterhncro-

432 5262 510 5319 lesse
526 5262 575 5316 ssd
589 5269 679 5317 waso
700 5261 828 5330 raduald
842 5267 899 5328 est,
920 5260 992 5313 sulse
1008 5260 1093 5325 uolo.
1126 5259 1200 5311 llaec
1215 5258 1314 5330 scalpsi
1330 5259 1366 5311 od
1382 5264 1409 5311 te
1451 5257 1515 5312 tinnr
1530 5257 1606 5315 libr.
1627 5257 1673 5313 Vl·
1687 5272 1714 5312 r.
1729 5254 1806 5312 ⁵25³
1830 5260 1925 5321 „lum
1941 5260 2014 5312 color
2027 5261 2058 5314 ts
2077 5263 2165 5330 stprls
2180 5266 2290 5320 walstll
2305 5269 2419 5328 settle·

432 5344 606 5418 moisem
621 5346 724 5400 memo
739 5347 793 5402 111.
807 5346 873 5399 Idas
889 5340 941 5415 (so.
960 5343 1069 5414 Apriles
1084 5341 1112 5399 h.
1128 5357 1155 5398 e.
1170 5341 1215 5395 die
1231 5337 1284 5398 ll.'
1306 5340 1409 5412 Aprilis
1451 5342 1578 5413 nspsl;“
1592 5339 1700 5411 scripsit
1715 5340 1795 5395 etism
1811 5342 1909 5397 Cicero
1926 5343 1953 5397 d.
1969 5343 2005 5399 N.
2021 5343 2056 5400 D.
2071 5345 2146 5402 Libr.
2161 5348 2208 5403 ΠΙ.
2223 5364 2248 5405 c.
2264 5350 2319 5407 20.ι
2333 5355 2420 5419 „Gen

432 5446 465 5491 a.
478 5430 514 5488 U.
530 5431 565 5487 C.
578 5430 639 5487 710.
655 5446 679 5486 s.
694 5426 760 5498 11).
1450 5434 1540 5482 mers
1560 5426 1625 5481 Arei
1645 5426 1745 5494 speeies
1766 5442 1821 5480 sos
1842 5427 1873 5480 is
1889 5428 1997 5481 &mm
2011 5444 2121 5482 essem
2136 5432 2332 5500 rspmsmu
2347 5439 2421 5496 con.

502 5512 554 5583 68)
573 5515 607 5570 ln
626 5513 726 5581 velleii
743 5514 835 5569 verbis
854 5528 907 5584 pro
926 5513 1001 5581 vulg.
1016 5512 1047 5565 is
1063 5510 1176 5566 colores
1191 5524 1272 5565 crosa
1287 5508 1410 5585 recipere
1450 5512 1524 5566 teres
1539 5510 1765 5567 Scholastleorum
1781 5510 1816 5565 dc
1831 5511 1903 5566 Iride
1919 5528 2014 5568 sersus
2027 5512 2057 5567 in
2071 5512 2180 5571 Anthol.
2196 5516 2284 5575 Latin
2300 5521 2418 5579 lehnv.
2458 5517 2462 5522 ’

433 5596 799 5657 menusanum
819 5595 1252 5669 mompsuestenum
1266 5594 1411 5652 onnes·
1449 5586 2420 5763 suasus·volup.eoesqq.n.]c‘aerunauunmons
2505 5682 2511 5697 ι
