5717 6575
1084 1419 1094 1428 .
1133 1332 1136 1340 ’
1195 1343 1376 1433 LIBER
1403 1341 1625 1434 PRIMUS

844 1708 1422 1835 CAESARIS
1462 1707 2020 1832 ‘nutemus

809 1941 812 1955 ·
974 1921 1224 2032 conamus
1247 1932 1612 2074 omc1sna1sao
1635 1930 1844 2013 sumna

411 2406 609 2531 oomnis
634 2440 793 2546 Augusti
815 2441 922 2518 vitam
947 2454 1132 2518 enomere
1139 2445 1286 2545 qusque
1310 2467 1369 2519 res
1393 2447 1516 2547 gestas
1537 2440 1736 2546 singulatim
1755 2449 1990 2544 pertcmpora
2008 2442 2166 2546 επιοιπιιί,
2185 2467 2302 2547 neque
2317 2473 2406 2548 pro·

411 2564 567 2666 positum
591 2562 679 2638 mihi
702 2570 757 2639 est
781 2560 849 2637 hoc
873 2564 950 2637 loco
970 2586 1085 2663 neque
1107 2563 1358 2649 necessarium.
1408 2561 1490 2665 Ego
1513 2560 1571 2639 laio
1598 2563 1798 2638 summatim
1831 2567 1968 2637 tantum
1999 2585 2042 2638 ac
2075 2564 2172 2639 velut
2202 2588 2269 2663 per
2290 2568 2407 2668 capite

411 2683 607 2759 slecnmens
633 2707 697 2758 ees
719 2681 814 2756 vitoe
840 2684 916 2781 ejus
942 2681 1100 2781 puerilis
1113 2703 1156 2756 ac
1182 2667 1350 2782 juvenilis
1376 2688 1498 2781 partes
1521 2679 1711 2783 ottingam,
1737 2678 1864 2783 quillus
1891 2705 1985 2820 puae
2018 2679 2207 2758 luerint
2175 2707 2253 2783 eJus
2273 2683 2408 2786 ingenii

410 2801 525 2897 dota,
554 2806 792 2913 quancunque
817 2799 1041 2905 habueritne
1069 2803 1261 2901 juventute
1289 2799 1468 2913 leoninae
1498 2798 1839 2876 commandationem
1870 2800 1948 2875 sive
1979 2797 2161 2900 disciplina
2191 2826 2258 2878 seu
2288 2803 2406 2882 studio

326 2906 333 2917 ’
409 2927 571 3024 partam,
597 2895 794 2995 distinctim
816 2918 933 3022 possit
957 2919 1116 3021 intelligi.
1163 2917 1317 2997 Omnem
1339 2919 1452 3020 igitur
1472 2919 1697 3039 scriptionem
1719 2943 1836 2994 meam
1855 2917 1896 2993 in
1917 2917 1972 2995 eis
1996 2906 2179 2996 continebo
2203 2920 2294 2997 ritae
2301 2929 2407 3032 ejus

373 3074 379 3088 ¹
410 3039 534 3136 annis,
560 3064 668 3141 quos,
693 3044 882 3140 anoequam
904 3063 986 3114 sese
1002 3063 1129 3114 rerum
1152 3037 1447 3139 capessendorum
1468 3040 1564 3114 curis
1568 3033 1770 3139 tmhisque
1794 3037 1960 3134 inferret,
1983 3037 2076 3112 vel
2062 3064 2102 3113 ιιι
2126 3037 2288 3116 domo
2256 3067 2407 3146 unuqua
2501 3144 2503 3149 Ι

410 3165 599 3262 parentum
623 3160 682 3233 vel
706 3156 913 3260 magistris
900 3183 941 3231 ιιι
964 3156 1185 3258 disciplinam
1218 3155 1391 3257 nuditus,
1421 3156 1468 3234 ad
1497 3154 1709 3233 excolendus
1742 3157 1903 3259 eorporis
1933 3155 2114 3258 animique
2145 3159 2239 3236 vires
2274 3163 2405 3278 exegit.

409 3278 495 3380 Quo
518 3275 609 3354 lacto
635 3278 774 3379 planius
796 3275 956 3383 futurum
980 3303 1060 3353 esse
1084 3275 1387 3380 spero,qu1lieri
1411 3276 1574 3381 potuerit,
1595 3282 1648 3376 ut,
1672 3278 1813 3381 qualem
1837 3302 1920 3354 aum
1934 3275 2082 3381 posthac
2096 3275 2207 3356 luisse
2229 3281 2404 3380 novimus,

409 3400 494 3475 talis
518 3396 738 3474 institutione
760 3397 887 3497 puerili
911 3422 953 3472 ac
970 3397 1122 3498 juvenili
1145 3395 1324 3475 maeret.

569 3515 655 3616 Qua
674 3516 715 3591 in
737 3541 779 3590 re
803 3522 859 3592 est
883 3516 1045 3616 profecto
1070 3513 1169 3616 qnod
1192 3515 1394 3611 doleamus,
1419 3513 1523 3592 nobis
1544 3514 1675 3616 inJ'nria
1700 3515 1873 3617 temporis
1896 3515 2125 3616 interceptam
2146 3539 2230 3594 esse
2258 3543 2405 3621 operum

411 3636 716 3715 mendositatem
737 3637 983 3711 nonnullorum
1009 3635 1219 3735 antiquitatis
1244 3635 1479 3737 scriptorum,
1514 3660 1604 3737 quos
1638 3633 1684 3710 sle
1712 3634 1869 3738 Augusti
1903 3635 1976 3710 vita
2005 3634 2180 3736 rebusque
2208 3636 2404 3740 singulares

409 3757 522 3834 libros
544 3755 785 3854 composuisse
809 3753 953 3830 sumus
991 3752 1127 3828 Eorum
1152 3753 1190 3828 in
1213 3780 1360 3830 numero
1383 3778 1455 3829 non
1478 3760 1552 3828 ςιιιιι
1575 3753 1627 3828 illi
1651 3752 1804 3855 ponendi
1825 3740 1921 3849 sunt,
1947 3751 2077 3853 quibus
2102 3752 2296 3831 Suetonius
2317 3784 2404 3838 usus

407 3885 466 3954 est
491 3873 713 3970 anconibus,
738 3898 842 3975 quam
863 3872 1094 3974 Plutarchus,
1119 3897 1141 3947 a
1164 3900 1236 3975 quo
1259 3868 1444 3977 Aciyalone
1463 3869 1554 3970 βίον
1578 3872 1748 3973 seriptum
1772 3898 1853 3949 esse
1885 3872 1995 3948 refert
2016 3871 2204 3974 Lamprias
2238 3873 2333 3951 lilius
2364 3879 2404 3955 in

408 3992 534 4071 lndice
556 4017 705 4093 operum
727 3993 840 4092 panis
861 3992 916 4067 sui
935 3991 1034 4091 apud
1056 3991 1115 4069 Jo.
1141 3993 1189 4068 A.
1210 3992 1410 4068 Fabricium
1434 3992 1473 4065 in
1503 3992 1598 4068 Bihl.
1637 3990 1765 4069 Graec.
1796 3992 1842 4069 V.
1865 4018 1902 4092 p.
1891 3996 2008 4069 .160.
2038 3991 2097 4067 ed.
2127 3994 2227 4069 llarl.
2287 3998 2402 4075 Porro

411 4116 518 4193 etiam
542 4110 782 4210 Amyntianus
809 4110 973 4212 qudam,
1007 4136 1113 4212 quem
1138 4111 1205 4187 sul)
1227 4112 1407 4187 Antonino
1430 4109 1498 4186 Pio
1527 4111 1662 4186 vixisse
1687 4110 1821 4206 luunt,
1845 4118 1940 4186 teste
1961 4111 2127 4187 Photio'
2113 4137 2153 4187 ιιι
2174 4113 2343 4193 Biblioth.
2369 4144 2403 4196 o.

414 4239 504 4312 131.
527 4229 682 4307 Tom.l.
706 4257 744 4331 p.
766 4232 831 4307 97.
855 4230 900 4305 Β.
925 4232 1020 4304 inter
1052 4231 1137 4327 ulia,
1171 4255 1261 4331 quae
1285 4229 1450 4338 scripsit,
1482 4226 1549 4305 καὶ
1589 4224 1849 4327 παραλλήλους
1879 4227 2066 4325 συνέθηκε
2098 4227 2232 4328 βίους,
2275 4231 2411 4336 ωσπερ,

408 4346 621 4433 Διονυσίου
643 4374 708 4423 και
696 4344 962 4447 Δομιτιονοῦ
986 4348 1028 4424 ἐν
1052 4345 1143 4424 δυσὶ
1166 4342 1303 4451 λόγοις,
1330 4344 1526 4423 Φιλίππου
1547 4342 1857 4422 remanentem
1881 4343 1947 4421 καὶ
1968 4346 2030 4422 Ao
2023 4342 2176 4450 νόστου
2199 4350 2242 4426 ἐν
2264 4350 2403 4451 ἑτέροις
2493 4352 2495 4354 ’

357 4498 360 4501 ’
409 4464 787 4549 coalescentium
812 4492 885 4542 non
911 4468 1065 4569 estquin
1082 4474 1236 4569 uterque
1254 4492 1374 4542 rernm
1392 4467 1556 4567 scriptor,
1575 4490 1642 4567 pro
1658 4490 1725 4541 suo
1742 4465 1892 4567 quicqum
1910 4465 2053 4567 ingenio
2077 4467 2225 4569 librique
2240 4471 2401 4572 consilio,

410 4590 461 4667 ale
477 4586 632 4690 Augusti
655 4586 808 4689 pueritie
829 4610 872 4660 uc
888 4588 1075 4686 juventute
1096 4587 1202 4687 pluro
1224 4585 1554 4662 commemoraverit
1577 4592 1612 4661 et
1630 4583 1721 4660 scitu
1738 4583 1894 4686 Jucnnda
1917 4592 1954 4660 et
1976 4611 2061 4661 vero
2076 4586 2182 4663 etiam
2202 4592 2403 4668 necessaria

409 4707 459 4787 all
482 4708 583 4783 illum
603 4705 859 4808 Imperatorem
881 4704 1174 4806 pernoscendum.
1226 4704 1321 4782 Sunt
1336 4702 1441 4780 baud
1457 4728 1588 4808 pauca,
1609 4728 1705 4804 quae
1726 4704 1866 4806 cognita
1888 4703 2021 4779 habere
2041 4706 2230 4805 plurimum
2252 4708 2401 4807 referat,

411 4837 450 4907 et
472 4852 564 4930 quae
587 4824 719 4927 cpud'
707 4850 826 4926 ipsum
843 4822 1067 4920 Suetonium,
1093 4824 1255 4928 quamvis
1277 4823 1482 4928 diligentem
1502 4822 1762 4926 copiosumque
1776 4820 2017 4923 hujuscemodi
2035 4849 2155 4900 rerum
2171 4835 2400 4964 narratorem,

407 4948 549 5025 frana
575 4951 796 5047 quaerantur.

565 5063 696 5141 Exstat
713 5057 855 5167 σοίσειιι
876 5062 1014 5139 libellus
1063 5057 1149 5160 περὶ
1174 5066 1240 5157 τῆς
1264 5054 1456 5160 Καίσαρος
1480 5056 1783 5161 (Σεβαστοῦ)’
1759 5061 1925 5164 αγιογῆς,
1949 5058 2148 5137 uNicolao
2179 5063 2400 5144 Damasceno

411 5186 588 5325 scriptus,
612 5184 676 5284 qui
699 5182 824 5278 istam,
847 5207 953 5321 puum
975 5180 1170 5282 deperditis
1192 5182 1332 5256 illorum
1357 5177 1529 5279 operibus
1549 5179 1701 5271 lecimus
1716 5182 1889 5282 jacturam
1911 5177 2026 5255 videri
2048 5181 2158 5282 possit
2178 5181 2319 5260 ολιιιιιιὶο
2338 5208 2400 5261 re-

413 5306 562 5382 sarcire.
612 5304 780 5379 Nicolaus
805 5302 901 5377 anim
921 5300 1074 5377 illeluit
1099 5301 1254 5401 aequalis
1277 5299 1448 5403 Augusti
1458 5298 1617 5414 adeoque
1638 5299 1787 5395 Romae,
1812 5306 1852 5374 ut
1875 5297 2020 5399 qudam
2045 5299 2290 5400 suspicantur,
2321 5300 2399 5405 ejus
2456 5339 2461 5350 ·

411 5422 687 5501 contubernalis.
721 5421 761 5497 Is
776 5423 883 5523 jussu
906 5419 1072 5509 Herodis,
1095 5418 1308 5497 ludaeorum
1330 5419 1437 5521 regis,
1458 5419 1652 5520 composuit
1674 5417 1854 5519 ἱστοριῶν
1877 5444 1980 5520 opus,
2006 5416 2103 5520 quod
2119 5418 2217 5495 libris
2234 5419 2399 5501 CXLIV.

411 5540 614 5622 constitisse
639 5549 763 5620 auctor
789 5548 842 5620 est
866 5541 1073 5618 Athenaeum
1099 5537 1200 5618 Lihr.
1216 5537 1280 5615 VI.
1311 5563 1350 5639 p.
1370 5543 1458 5617 248.
1483 5538 1524 5616 G.
1545 5538 1651 5617 Τοιιι.
1668 5535 1717 5615 11.
1741 5565 1779 5640 p.
1797 5541 1885 5617 454.
1909 5536 2028 5616 Schw.
2077 5535 2181 5641 Quae
2205 5548 2398 5643 supersunt
