5717 6575
446 604 501 683 48
1132 590 1162 675 1.
1203 591 1263 666 DE
1285 588 1499 694 CAESARIS
1520 590 1716 665 AUGUSTI
2528 706 2533 715 ι

572 868 575 873 ,
599 783 673 885 Qui
698 782 837 885 quidem
858 778 959 859 icens
984 805 1056 857 non
1077 788 1213 858 tentum
1232 780 1441 859 commento
1463 781 1566 859 nobis
1587 790 1664 879 est,
1689 779 1810 885 quanti
1826 779 1953 858 iecerit
1971 781 2157 886 Angustus
2176 779 2445 888 iiinmnpim.

446 908 518 985 tioe
540 904 781 1005 professorem
804 903 869 977 sibi
895 901 1216 1002 conjunctissimum
1223 955 1237 998 ,
1261 901 1326 977 sed
1350 903 1456 977 etium
1483 928 1549 977 nos
1572 901 1617 978 ed
1640 902 1836 977 enarrando
1863 902 2005 1003 reliquo
2027 901 2252 987 Athenodori
2276 903 2351 981 futu
2375 932 2445 983 co·

446 1023 733 1130 gnoscendusque
756 1023 842 1096 elias
870 1025 950 1120 ejus
972 1022 1137 1116 nentes,
1171 1047 1262 1122 quoe
1283 1021 1479 1097 Triumviri
1493 1022 1596 1096 istius
1611 1044 1766 1097 emerem
1791 1022 1861 1123 ipsi
1893 1021 2118 1097 conciliarent
2146 1022 2444 1126 concilietumqne

446 1151 617 1249 perpetuo
640 1147 842 1236 servarent,
862 1141 954 1214 ultro
980 1138 1134 1216 deducit.
1181 1141 1335 1241 Propter
1356 1147 1570 1216 senectutem
1590 1140 1716 1242 igitur,
1738 1147 1780 1215 nt
1792 1141 2001 1216 Plutarchus
2017 1141 2078 1236 uit,
2100 1140 2140 1216 in
2162 1142 2317 1242 petrium
2331 1142 2447 1220 rede-

448 1262 538 1339 undi
560 1263 700 1336 venium
722 1260 821 1360 petiit
845 1284 991 1359 eumque
1017 1284 1111 1333 enno
1133 1267 1214 1360 post
1238 1260 1450 1360 impetrarit.
1501 1258 1543 1333 Id
1567 1284 1638 1333 non
1662 1260 1711 1334 ite
1734 1258 1975 1361 accipiendum
2000 1285 2081 1335 cnse
2103 1260 2317 1353 ridebimus,
2340 1287 2383 1339 uo
2408 1261 2446 1339 si

446 1386 589 1486 ipsum,
620 1380 799 1453 hominem
823 1386 968 1453 exactae
986 1381 1062 1476 jam
1081 1379 1207 1453 aetatis
1232 1388 1267 1453 et
1291 1379 1429 1453 viribus
1452 1377 1674 1474 confectum,
1698 1386 1903 1479 petreesum
1924 1378 2050 1455 suisset
2074 1380 2167 1455 vitoe
2182 1380 2223 1456 in
2238 1380 2349 1479 Urbe,
2370 1381 2445 1457 im·

447 1502 539 1606 perii
560 1499 713 1574 Romani
737 1496 845 1591 sede,
873 1498 1050 1597 inquietae
1074 1505 1180 1598 utque
1207 1501 1328 1590 μελιτος
1361 1500 1433 1572 imo
1466 1498 1618 1572 Romam
1653 1499 1791 1598 reliquit
1818 1509 1854 1576 et
1887 1499 2154 1575 contubernium
2178 1502 2333 1601 Augusti
2366 1526 2445 1577 non

447 1621 561 1699 otium
584 1642 624 1692 nc
646 1618 804 1717 requiem
826 1623 1033 1711 secuturus,
1060 1614 1138 1691 sedi
1153 1616 1198 1690 de
1223 1619 1336 1716 putris
1357 1616 1466 1712 urbe,
1490 1618 1615 1690 civium
1640 1615 1871 1693 seditionibus
1893 1616 2083 1714 diemaro,
2112 1617 2206 1693 bene
2234 1620 2445 1697 meriturus.

447 1740 539 1843 Ejus
565 1738 617 1813 rei
639 1744 762 1811 uuotor
787 1730 907 1819 eistat
931 1736 1162 1835 grevissirnus
1191 1743 1226 1810 et
1252 1734 1402 1810 disertus
1427 1733 1636 1830 cdmodrnn,
1671 1736 1820 1832 Strabo,
1856 1737 1917 1837 qui
1939 1735 2042 1812 Libr.
2066 1736 2170 1812 XIV.
2195 1763 2227 1813 o.
2252 1741 2291 1815 4.
2316 1742 2351 1837 ξ.
2379 1744 2444 1818 14,

450 1857 498 1935 de
522 1857 636 1931 emico
660 1879 748 1950 suo,
772 1879 876 1955 quem
901 1851 1092 1951 Καίσαρος
1116 1849 1438 1955 καθηγησάμενον
1462 1859 1571 1949 τιμῆς
1595 1858 1725 1948 τυχεῖν
1757 1849 1920 1955 μεγάλης
1942 1853 2102 1949 dixerut,
2131 1855 2181 1929 its
2201 1857 2338 1958 pergite
2368 1882 2446 1933 κα-

448 1971 547 2056 τιοίν
570 2000 611 2048 τε
636 1974 688 2055 ελς
714 1967 784 2065 τὴν
808 1968 975 2067 πατρίδα
992 1967 1066 2066 ἤδη
1088 1969 1261 2073 γηραιὸς,
1286 1970 1465 2045 κατέλυσε
1479 1966 1551 2064 τὴν
1569 1973 1822 2048 καθεστῶσαν
1842 1969 2055 2069 πολιτείαν,
2079 1979 2208 2059 κακῶς
2227 1972 2445 2073 φερομένην

447 2089 526 2174 ῦπό
550 2121 594 2168 τε
619 2089 747 2164 ἄλλων
769 2087 835 2164 καὶ
857 2090 1041 2184 Βοηθοῦ,
1067 2097 1189 2164 κακοῦ
1208 2085 1280 2185 μέν
1303 2095 1485 2184 ποιητοῦ,Ι
1511 2096 1633 2164 κακοῦ
1669 2084 1710 2165 δὲ
1732 2085 1906 2178 πολίτου,
1940 2087 2189 2188 δημοκοπίαις
2211 2086 2445 2186 ἰσχύσαντος

447 2212 494 2292 τὸ
520 2209 643 2288 πλέον.
689 2207 823 2305 Ἐπῆρε
850 2203 891 2281 δ’
918 2203 1038 2282 αῦτδν
1061 2204 1126 2281 καὶ
1144 2201 1367 2293 Ἀντιόνιος,
1402 2206 1487 2281 κατ’
1522 2204 1644 2304 ἀρχάς
1675 2202 1954 2306 ἀποδεξάμενος
1988 2205 2033 2283 τὸ
2056 2204 2205 2311 γραφὲν
2228 2212 2280 2293 ελς
2303 2206 2376 2306 τὴν
2399 2209 2446 2287 ἀν

449 2328 652 2411 Φιλίπποις
674 2323 787 2420 νίκην
810 2324 915 2408 ἔπος·
940 2321 1006 2398 καὶ
1031 2324 1085 2398 ἔτι
1106 2321 1298 2421 μάλλονῆ
1327 2323 1496 2422 εὐχέρεια
1520 2321 1544 2419 ἡ
1571 2322 1849 2414 ἐπιπολάζουσα
1875 2322 1979 2423 παρά
2000 2332 2079 2410 τοῖς
2105 2333 2313 2426 Ταρσεῦσι,
2338 2324 2441 2403 ὥστ’
2548 2422 2554 2433 ,

450 2445 656 2529 ἀπαύστως
682 2439 894 2538 σχεδιάζειν
915 2440 1019 2542 παρά
1039 2446 1171 2540 χρῆμα
1193 2439 1287 2539 πρὸς
1312 2440 1384 2537 την
1409 2439 1619 2539 δεδομένην
1641 2439 1851 2530 ὑπόθεσιν,
1882 2443 1947 2517 καὶ
1961 2441 2023 2540 ’δὴ
2047 2440 2113 2519 καὶ
2134 2440 2446 2546 γυμνασιαρχίαν

448 2560 708 2664 ῦποσχόμενος
734 2565 923 2657 Ταρσεῦσι
947 2566 1087 2635 τοῦτον
1114 2557 1201 2635 ἀντὶ
1225 2557 1517 2662 γυμνασιάρχου
1543 2559 1768 2657 κατέστησε,
1801 2559 1867 2636 καὶ
1890 2559 1939 2635 τά
1966 2557 2200 2659 ἀναλώματα
2222 2560 2443 2641 ἐπίστευσεν

451 2685 568 2783 αὐτῷ.
612 2674 821 2778 Ἔφιοράθη
844 2675 885 2753 δὲ
911 2674 1189 2776 νοσφισάμενος
1212 2675 1261 2752 τά
1288 2706 1328 2753 τε
1353 2678 1449 2752 ἀλλα
1473 2677 1540 2755 καὶ
1566 2679 1762 2754 τοῦλαιον·
1788 2676 2031 2781 ἐλεγχόμενος
2054 2676 2093 2754 δ’
2123 2676 2200 2755 unt
2226 2687 2307 2757 τῶν
2325 2707 2446 2779 κατη-

391 2822 397 2833 ’
454 2799 585 2907 γόροιν
610 2797 670 2873 ἐπὶ
690 2803 760 2872 τοῦ
778 2793 1006 2882 Ἀντωνίου,
1044 2800 1244 2894 παρῃτεῖτο
1268 2793 1339 2891 τὴν
1366 2794 1508 2899 ὀργὴν,
1546 2793 1619 2873 σῦν
1640 2797 1765 2881 ἀλλοις
1791 2796 1857 2871 καὶ
1881 2804 2003 2875 ταῦτα
2025 2796 2167 2903 λέγων,
2199 2795 2278 2886 ὅτι,
2314 2794 2446 2900 ὥσπερ

442 2918 610 3020 Ὅμηρος
636 2914 841 3015 ε’ξύμνησεν
861 2912 1028 3009 Ἀχιλλέα
1058 2912 1125 2990 καὶ
1148 2913 1409 3016 Ἀγαμέμνονα
1439 2915 1505 2990 καὶ
1529 2913 1749 3002 Ὀδυσσέα,
1784 2913 1905 2999 οὕτως
1937 2913 2012 3018 ἀγοί
2036 2939 2094 2991 σε·
2127 2913 2174 2991 οῦ
2198 2912 2343 3001 δίκαιος
2370 2910 2446 2995 οὗν

452 3042 549 3138 εἰμι,
575 3038 626 3119 εἰς
648 3030 827 3117 τοιαύτας
851 3032 1016 3134 ἄγεσθαι
1043 3028 1228 3130 διαβολὰς
1253 3030 1314 3107 ἐπὶ
1340 3038 1422 3108 σοῦ.
1474 3028 1727 3132 Παραλαβιδν
1754 3027 1864 3108 οὖνὸ
1889 3031 2099 3136 κατήγορος
2120 3031 2191 3111 τὸν
2215 3029 2342 3136 λόγον·
2362 3032 2442 3111 ἀλλ’

445 3153 621 3254 Ὅμηρος
645 3149 736 3250 μέν,
763 3152 833 3248 ἔφη
842 3202 856 3237 ,
882 3150 1007 3225 ἔλαιον
1026 3146 1100 3251 μὲν
1121 3148 1397 3252 Ἀγαμέμνονος
1423 3147 1495 3225 οῦκ
1517 3153 1673 3248 ἔκλεψεν
1682 3202 1696 3237 ,
1726 3149 1802 3225 ἀλλ’
1839 3148 1929 3226 οῦδὲ
1958 3149 2178 3237 Ὀδυσσέως
2212 3149 2302 3228 οὐδὲ
2320 3154 2447 3251 Ἀχιλ-

324 3293 327 3300 ’
458 3273 567 3357 λέως·
603 3266 650 3345 σδ
684 3267 746 3345 δέ·
773 3267 870 3343 ὥστε
901 3263 1035 3353 δύσεις
1060 3265 1183 3364 δίκην.
1234 3265 1627 3369 Διακρουσάμενοςδ
1654 3264 1967 3370 οῦνθεραπείαις
1990 3268 2066 3344 τισὶ
2090 3267 2162 3365 τὴν
2186 3269 2327 3376 ἀργὴν,
2352 3267 2446 3348 ούδδ

453 3385 574 3490 ἦττον.
592 3386 795 3490 διετέλεσεν
819 3386 927 3488 άγσιν
951 3386 1016 3461 καὶ
1040 3385 1168 3486 φέρων
1187 3384 1259 3482 τὴν
1280 3381 1391 3463 πόλιν
1413 3385 1526 3486 μέχρι
1557 3396 1623 3484 τῆς
1653 3397 1919 3487 καταστροφῆς
1944 3396 2013 3464 τοῦ
2033 3385 2249 3468 Ἀντωνίου.
2302 3385 2447 3480 Τοιαύ-

451 3536 525 3610 την
550 3505 592 3583 δὲ
617 3504 688 3602 τὴν
714 3500 825 3579 πόλιν
844 3503 1075 3604 καταλαβών
1101 3501 1418 3601 ὅἈθηνόδιορος
1446 3503 1537 3588 τέως
1557 3502 1630 3604 μὲν
1653 3505 1830 3603 ἐπεχείρει
1856 3503 1957 3608 λόγῳ
1978 3502 2158 3608 μετάγειν
2177 3505 2356 3586 κάκεῖνον
2377 3505 2449 3586 καὶ

451 3624 543 3712 τοῦς
569 3616 843 3705 συστασιώτας·
870 3619 921 3705 ὡς
947 3619 981 3696 δ’
1010 3622 1081 3698 οὐκ
1104 3620 1305 3716 ἀπείχοντο
1328 3619 1477 3721 ὕβρεως
1504 3621 1702 3722 οὐδεμιᾶς,
1731 3617 1913 3721 ἐχρήσατο
1932 3631 1977 3721 τῇ
1995 3621 2154 3722 δοθείσῃ
2170 3623 2247 3702 unt
2261 3631 2331 3701 τοῦ
2349 3621 2449 3701 Καί-

454 3769 569 3847 σαρος
590 3736 758 3837 ἐξουσία,
786 3739 851 3814 καὶ
876 3740 1049 3840 ἐξέβαλεν
1073 3738 1234 3832 αὐτούς,
1262 3739 1477 3846 καταγνούς
1502 3736 1641 3846 φυγήν.
1697 3740 1745 3817 Οἱ
1767 3737 1808 3818 δέ
1829 3748 1983 3843 πρῶτον
2004 3738 2077 3844 μὲν
2100 3739 2451 3848 κατετοιχογράηη-

455 3887 532 3943 σαν
555 3859 675 3938 αῦτοῦ
702 3864 880 3933 τοιαῦτα·

884 3977 1001 4081 Ἔργα
1025 3976 1142 4066 νέων,
1166 3977 1305 4079 βουλαὶ
1330 3975 1372 4055 δὲ
1396 3978 1548 4076 μέσων,
1576 3976 1718 4079 πορδαὶ
1740 3975 1781 4054 δέ
1806 3976 2011 4084 γερόντιον.

450 4099 560 4180 Ἐπεὶ
584 4097 619 4175 δ’
649 4098 787 4180 ἐκεῖνος
808 4096 850 4172 ἐν
874 4092 1028 4180 παιδιαῖς
1049 4095 1154 4197 μέρει
1179 4093 1399 4194 δεξάμενος,
1424 4095 1590 4174 ἐκέλευσε
1612 4094 1899 4199 παρεπιγράψαι
1921 4141 1974 4158 ·-
1999 4094 2163 4199 βρονταὶ
2181 4092 2223 4172 δὲ
2241 4093 2451 4202 γερόντων·

454 4212 748 4317 καταφρονήσας
772 4213 820 4291 δέ
840 4242 896 4300 τις
919 4222 989 4289 τοῦ
1015 4216 1220 4310 ἐπιεικοῦς,
1255 4215 1414 4290 εὔλυτον
1448 4212 1493 4290 τδ
1528 4212 1712 4291 κοιλίδιον
1738 4216 1853 4311 ἔχων,
1883 4205 2111 4316 προσέρρανε
2141 4213 2238 4292 πολδ
2265 4220 2311 4313 uf
2336 4212 2451 4316 θύρᾳ

455 4333 523 4419 καὶ
548 4343 603 4435 τῷ
625 4331 761 4432 τοίχῳ,
787 4328 940 4431 νύκτωρ
963 4329 1112 4430 παριιάν
1131 4330 1203 4427 τὴν
1227 4329 1363 4408 οἰκίαν.
1406 4330 1460 4409 ‘0
1483 4329 1525 4408 δὲ
1551 4340 1617 4428 τῆς
1641 4329 1807 4418 στάσεως
1830 4341 2055 4436 κατηγορῶν
2082 4335 2125 4411 ἐν
2150 4332 2344 4433 ἐκκλησίᾳ,
2376 4329 2453 4430 τὴν

456 4454 576 4537 νόσον
598 4460 664 4548 τῆς
689 4447 831 4534 πόλεως
839 4503 853 4538 ,
891 4450 979 4548 ἔφη,
1020 4448 1085 4524 καὶ
1109 4447 1181 4545 τὴν
1210 4443 1388 4544 καχεξίαν
1424 4448 1665 4547 πολλαχόθεν
1691 4456 1845 4527 σκοπεῖν
1871 4452 1987 4536 ἔξεστι
1993 4503 2008 4540 ,
2041 4450 2107 4528 καὶ
2138 4449 2187 4549 δὴ
2212 4449 2279 4528 καὶ
2301 4453 2343 4528 ἐκ
2366 4455 2452 4528 τῶν

458 4565 775 4669 διαχωρημάτων.
787 4573 855 4667 10⁰)
902 4569 1037 4645 Strabo
1060 4570 1169 4671 igitur
1192 4577 1333 4664 narret,
1357 4569 1628 4645 Athenodorum
1651 4566 1726 4663 ἤδη
1751 4566 1911 4671 γηραιδν
1929 4569 2023 4645 ὅντα
2039 4572 2075 4645 h.
2093 4598 2125 4648 e.
2145 4579 2260 4648 oetam
2276 4574 2353 4673 jum
2367 4571 2453 4644 lon·
2523 4588 2525 4594 ’

457 4695 540 4800 gius
564 4696 768 4791 proveetum
792 4698 828 4763 et
852 4690 1023 4762 senectuti
1048 4688 1271 4788 proximum,
1297 4689 1334 4761 in
1358 4694 1514 4789 patrium
1536 4691 1685 4785 urbem,
1708 4688 1865 4762 Tarsum
1872 4679 2091 4783 ,reversum
2108 4716 2189 4768 esse
2201 4689 2322 4793 ibique
2341 4711 2455 4792 pno-

457 4821 592 4890 sentem
612 4832 731 4881 rerum
752 4807 971 4907 publicarum
992 4814 1122 4882 statum
1141 4807 1354 4888 mutavisse.
1402 4806 1485 4907 Quo
1511 4809 1637 4883 metius
1661 4808 1917 4908 intelliguntur,
1946 4819 2040 4909 quoe
2076 4817 2269 4912 sequnntur
2302 4813 2340 4884 et
2365 4831 2456 4884 uun

457 4928 645 5008 manifesto
666 4925 703 4997 in
728 4924 979 5025 philosophum
1001 4924 1100 4999 ittum
1124 4922 1243 5001 studio
1271 4949 1294 4999 ιι
1319 4925 1533 5029 Geogrephn
1558 4927 1721 5028 exposite
1745 4933 1848 5024 sunt,
1878 4953 1996 5028 peuce
2029 4926 2076 5004 de
2099 4929 2216 5006 Tarso
2238 4925 2456 5032 peonius·
2586 4927 2589 4968 ³

458 5075 541 5126 mm
564 5051 807 5262 nei'eosiiipiririi
832 5159 880 5234 od
899 5161 1083 5263 Philippos
1107 5168 1304 5266 pugnatum
1323 5168 1397 5238 erut
1421 5169 1575 5239 exeunte
1596 5169 1765 5238 entnnrno
1794 5186 1830 5239 a.
1853 5163 1901 5240 U.
1924 5163 1965 5240 G.
1991 5168 2135 5241 ilios
2153 5169 2231 5264 42„
2255 5162 2311 5242 M.
2332 5141 2459 5241 Anto·

467 5282 943 5389 muron
963 5314 1040 5381 potui
1063 5315 1127 5384 quin
1147 5319 1230 5368 totum
1254 5314 1324 5369 hnnc
1344 5317 1433 5369 locnrn
1476 5289 1547 5385 qnocl
1564 5313 1725 5370 Groekurdii
1743 5315 1924 5400 Tomi11.p.
1940 5315 1983 5371 87.
1999 5315 2166 5384 ingeniorum
2178 5316 2358 5385 coniectum
2374 5333 2460 5374 κω-
2587 5363 2589 5392 z

459 5403 580 5476 qnsrnris
598 5404 708 5468 longum
730 5399 781 5453 hnc
799 5398 1019 5452 transscriberem
1036 5404 1128 5468 utpote
1150 5402 1222 5454 lectu
1242 5400 1387 5468 jucundum
1406 5403 1435 5454 et
1476 5404 1518 5454 tnr
1533 5399 1562 5454 in
1577 5414 1707 5468 responso
1726 5399 1886 5453 sccnsctorir
1902 5401 1994 5470 recepi
2005 5417 2049 5457 rr.
2060 5397 2126 5456 οὐδὲ
2139 5396 2315 5463 Ὀδυσσέος,
2331 5406 2360 5457 ec
2370 5403 2458 5472 punto
2588 5407 2589 5414 ’

454 5485 694 5556 λοωρλολὶιιίοιααι
712 5484 746 5537 de
764 5481 931 5538 Athenodori
947 5480 1056 5548 ingenio
1078 5483 1220 5552 animoque
1243 5489 1344 5538 testem.
1377 5484 1435 5538 De-
1475 5490 1538 5553 post
1552 5500 1602 5553 pro
1618 5485 1692 5550 vulg.
1705 5476 1905 5551 συστρατιώτας
1919 5500 1955 5540 ex
1967 5485 2055 5543 codd,
2071 5486 2180 5558 „poni
2199 5477 2418 5548 mmm
2429 5501 2460 5544 0.

461 5569 558 5641 scripsi
574 5585 634 5623 enm
651 5584 687 5623 ex
703 5566 1008 5636 nocumentum,
1029 5568 1241 5637 necquidquam
1261 5568 1363 5624 rnnturi
1382 5567 1436 5624 nini
1476 5568 1580 5638 socios,
1593 5569 1792 5638 λ’ττιιλράιιριτ.
