5717 6575
1032 646 1330 731 ORATIONIBUS
1350 657 1413 729 ET
1435 657 1725 730 sennonteus,
2309 665 2383 741 1³5

386 846 558 947 Surecaa,
580 874 652 926 non
676 832 812 944 vercor,
837 875 885 926 na
907 846 1160 950 injudicando
1184 850 1301 925 ruisse
1328 831 1470 952 arguar.
1521 849 1624 924 Haud
1650 872 1785 949 paucos
1819 845 1960 950 quidem
1994 847 2073 924 fora
2105 872 2284 951 auguror,
2320 850 2380 948 qui
2478 936 2481 943 ι

386 969 547 1049 sacam
569 970 771 1044 narratione
792 967 877 1044 freti
900 969 974 1044 veri
1003 969 1118 1044 simile
1152 975 1334 1058 censeant,
1360 970 1404 1043 ab
1435 968 1600 1069 Augusto
1634 968 1735 1042 illum
1770 992 1914 1068 quoque
1941 992 2140 1043 sermonem
2168 970 2218 1043 uti
2241 969 2382 1071 praevia

386 1088 610 1166 meditatione
631 1086 761 1163 chartis
783 1085 1006 1186 mandatum,
1030 1088 1080 1163 ita
1102 1086 1262 1163 fortassis
1287 1089 1393 1162 etiam
1418 1085 1513 1161 domi
1538 1087 1576 1160 in
1601 1086 1757 1162 tabulina
1784 1084 1938 1186 quodam
1962 1088 2159 1188 repositum
2183 1097 2381 1163 servatum·

388 1234 458 1312 qna
480 1208 603 1284 fuisse.
653 1205 762 1306 Quid,
788 1207 881 1309 quod
906 1207 1050 1284 forsitan
1070 1206 1184 1281 futuri
1207 1208 1288 1304 siut,
1313 1207 1375 1307 qui
1400 1206 1469 1281 huc
1491 1207 1667 1306 pectinem
1689 1207 1874 1307 opinentur
1896 1206 1983 1281 illud
2012 1208 2213 1300 sacrarium,
2240 1232 2288 1280 cx
2308 1230 2380 1303 quo

386 1336 527 1404 veteres
553 1325 725 1429 quosdam
749 1327 906 1429 Augusti
930 1326 1108 1403 codicillos
1132 1323 1178 1400 de
1201 1325 1349 1400 Tiberio
1370 1328 1529 1428 prolatos
1553 1350 1576 1400 a
1601 1325 1705 1402 Livia
1729 1350 1826 1421 esse,
1857 1332 2059 1400 auctorest
2083 1325 2271 1401 Suetonius
2296 1321 2379 1398 Tib.

389 1470 422 1523 c.
444 1450 526 1543 aa,
552 1453 588 1520 et
611 1445 672 1546 qui
697 1444 781 1520 inde
803 1444 1031 1542 concludant,
1056 1443 1142 1519 illud
1165 1446 1434 1541 sacrariruu,·in
1458 1468 1528 1545 quo
1554 1446 1643 1519 aliae
1665 1469 1809 1545 quoque
1833 1445 2087 1545 cujuscumque
2112 1444 2216 1545 pretii
2241 1442 2381 1518 chartae

388 1572 425 1641 et
446 1564 606 1668 Augusti
630 1570 666 1639 et
690 1588 932 1640 successorum
953 1563 1111 1640 conditae
1131 1563 1326 1663 jacuerint,
1357 1562 1424 1639 sarh
1448 1558 1588 1638 Nerone
1618 1564 1777 1663 patuisse
1805 1564 1909 1638 etiam
1939 1562 2117 1659 Senecae,
2147 1563 2198 1637 ita
2228 1570 2267 1635 ut
2299 1562 2381 1661 ipsa
2433 1595 2437 1603 ’

386 1683 545 1790 Augusti
566 1676 795 1785 αὐτόγραφα
816 1683 925 1758 oculis
950 1706 1124 1784 usurpare
1149 1683 1318 1782 potuerita
1343 1681 1495 1782 proinde
1522 1707 1649 1757 avaro
1667 1708 1740 1758 non
1759 1682 1957 1778 abhorrere,
1973 1682 2085 1784 ipsius
2095 1681 2253 1783 Augusti
2272 1681 2380 1755 verba

387 1803 533 1904 propria
566 1807 604 1877 et
628 1804 781 1904 genuina
814 1800 920 1877 nobis
946 1800 1131 1879 aSeneca
1155 1798 1296 1875 reddita
1324 1824 1415 1876 esse.
1465 1799 1602 1875 Verum
1632 1801 1678 1875 ab
1711 1802 1778 1876 hac
1803 1801 1969 1903 opinione
1994 1827 2110 1877 meam
2141 1801 2378 1876 assensionem

387 1920 529 1997 cohibet
549 1918 705 2021 primum
727 1921 805 2021 ipse
827 1919 989 2016 Seneca,
1015 1946 1138 2022 quem,
1161 1920 1190 1995 si
1214 1944 1296 1994 vere
1321 1945 1408 1994 usus
1439 1918 1569 1994 fuisset
1600 1921 1828 2022 chirographo
1862 1922 1952 1996 illius
1977 1921 2172 2015 sermonis,
2199 1944 2269 1993 non
2293 1928 2380 2018 puto

385 2040 600 2141 scripturum
615 2040 730 2115 fuisse
753 2048 787 2131 §.
811 2043 873 2117 lar
898 2038 1062 2135 „diutius
1088 2040 1179 2114 enim
1203 2063 1310 2138 quam
1336 2035 1474 2113 duabus
1497 2038 1597 2112 horis
1626 2041 1779 2114 locutum
1802 2065 1880 2116 csse
1902 2042 2091 2115 constatr“
2113 2039 2241 2140 quibus
2263 2037 2381 2113 verbis

384 2160 485 2234 velut
505 2158 638 2235 inscim
661 2164 698 2234 et
720 2156 926 2259 imprudens
948 2158 1029 2259 ipse
1058 2155 1257 2254 confitetur,
1295 2155 1368 2231 sibi
1391 2182 1468 2231 rem
1495 2144 1603 2232 fando
1623 2164 1758 2233 tantum
1774 2158 1971 2234 innotuisse
1987 2183 2104 2258 neque
2123 2184 2164 2232 se
2184 2182 2231 2231 ex
2248 2157 2380 2256 scripti,

385 2274 652 2381 quod'praesfo
679 2275 750 2371 sit,
786 2278 922 2352 ratione
943 2284 979 2353 et
1003 2276 1142 2351 ambitu
1164 2273 1200 2350 id
1218 2275 1390 2377 judicare.
1448 2274 1591 2351 Deinde
1619 2301 1709 2378 quae
1731 2284 1911 2378 tamquam
1934 2278 2088 2380 Augusti
2116 2276 2224 2351 verba
2247 2300 2295 2351 ex
2321 2275 2380 2349 illo

385 2418 553 2473 ammone
579 2397 808 2495 transscripta
838 2393 935 2497 apud
954 2394 1126 2473 Senecam
1147 2394 1330 2497 leguntur,
1371 2420 1431 2493 ea,
1477 2379 1548 2471 nisi
1575 2421 1677 2471 meus
1705 2422 1764 2472 ma
1798 2396 1890 2471 fallit
1919 2421 2073 2493 sensus,
2111 2401 2246 2470 tantum
2267 2391 2379 2489 abest,

383 2506 435 2591 ut'
459 2512 637 2591 diversum
663 2540 687 2589 a
714 2514 852 2615 reliquo
880 2515 1091 2590 narrationis
1116 2522 1238 2590 terrore
1262 2516 1440 2617 ingenium
1469 2516 1602 2616 spirent
1623 2540 1665 2591 ac
1685 2517 1839 2591 nativam
1867 2515 1982 2613 illam,
2018 2539 2110 2618 quae
2144 2512 2189 2589 de
2213 2514 2378 2614 Augusto
2519 2588 2527 2599 ,

383 2630 630 2735 praedicatur,
658 2631 914 2707 inscribendo
942 2630 1122 2732 ἀφέλειαν
1157 2634 1375 2736 exprimant,
1406 2640 1445 2708 ut
1462 2658 1571 2707 unam
1597 2659 1639 2709 ac
1660 2634 1756 2710 velut
1777 2634 1988 2709 uniformem
2012 2633 2140 2709 faciem
2167 2657 2234 2733 per
2258 2642 2380 2706 omncs

382 2750 586 2853 scriptionis
621 2759 742 2852 partes
776 2749 940 2827 diffusam
974 2751 1135 2828 habentia
1171 2753 1344 2854 quaesitas
1381 2754 1462 2829 illas
1493 2752 1652 2830 Senecae
1677 2752 1904 2850 subtilitates,
1937 2753 2185 2829 sententiarum
2220 2752 2380 2851 argutias

382 2869 649 2977 verborumque
670 2871 832 2946 acumina
853 2879 890 2946 et
910 2870 1090 2972 pigmenta
1122 2869 1316 2949 redoleant.
1359 2873 1529 2973 Denique
1550 2897 1744 2973 numquam
1767 2870 1813 2948 ab
1841 2872 1957 2948 auimo
1986 2897 2067 2947 meo
2095 2868 2311 2973 impetrabo,
2339 2876 2380 2943 ut

384 2987 607 3090 Augustum,
634 2988 792 3093 quamvis
813 2997 988 3065 amanteru
1007 3014 1153 3065 suorum
1174 2991 1406 3091 scriptorum,
1433 2990 1679 3091 hujuscemodi
1707 3016 1910 3067 sermonum
1932 2991 2071 3066 chartas
2091 2988 2214 3091 putida
2230 2987 2380 3090 quadam

386 3132 474 3183 cam
497 3133 586 3184 cura
619 3133 782 3185 servasse
811 3106 954 3184 credam
991 3133 1122 3210 easque
1155 3108 1222 3184 hac
1260 3110 1395 3186 ratione
1428 3109 1475 3185 ad
1505 3111 1646 3211 imperii
1680 3136 1904 3187 successoros
1931 3108 2176 3213 propagandas
2222 3132 2379 3184 curasse.

384 3224 593 3306 Samarium
613 3235 731 3304 autern
756 3225 862 3326 illud,
896 3231 999 3329 cujus
1026 3228 1183 3305 meminit
1204 3227 1411 3325 Suetonius,
1453 3229 1574 3330 inepte
1598 3218 1667 3306 huc
1687 3231 1857 3306 trahitura
1906 3238 2001 3328 erat,
2042 3235 2085 3305 ut
2123 3226 2213 3304 bene
2241 3226 2379 3303 Casau·

294 3443 301 3450 ,
385 3343 509 3423 houm
531 3345 724 3445 adnotavit,
762 3348 865 3423 locus
887 3348 980 3424 Divo
1005 3349 1171 3449 Augusto
1190 3346 1286 3424 dorni
1305 3355 1551 3445 consecratus,
1576 3348 1640 3423 ubi
1666 3351 1743 3449 ejus
1773 3349 1893 3451 imago
1917 3348 2114 3425 habebatur
2145 3357 2181 3423 ct
2210 3371 2231 3420 a
2260 3346 2377 3440 Livia,

328 3559 338 3568 ²
382 3464 502 3567 ipsius
530 3463 709 3569 quondam
734 3491 871 3562 uxore,
901 3475 977 3542 tum
998 3465 1200 3562 sacerdote,
1225 3465 1412 3543 colebatur.
1461 3466 1603 3544 Ibidem
1617 3469 1694 3545 veri
1713 3469 1926 3543 simillimum
1958 3476 2028 3565 est,
2064 3468 2110 3543 ab
2134 3490 2248 3542 uxore
2277 3463 2382 3541 oodf-

385 3583 489 3660 cillos
509 3585 661 3688 Augusti
687 3582 733 3660 de
761 3585 869 3662 rebus
904 3584 1106 3690 domesticis
1137 3583 1182 3660 ad
1216 3611 1256 3662 se
1291 3587 1442 3687 scriptos
1478 3595 1656 3687 tamquam
1679 3586 1934 3688 pretiosissima
1957 3583 2128 3685 κειμήλια
2150 3592 2379 3662 conservatos

383 3727 482 3801 ease,
506 3727 578 3778 non
599 3705 684 3780 item
707 3729 887 3781 sermones
905 3706 995 3781 istos
1018 3731 1099 3779 cum
1115 3706 1194 3780 aliis
1209 3704 1358 3801 habitos,
1384 3731 1473 3807 quos
1495 3716 1535 3782 ut
1551 3703 1740 3781 concedam
1758 3706 1957 3809 gravissimi
1982 3730 2247 3806 nonnmuquam
2262 3703 2380 3779 scisse

385 3823 587 3927 argumenti
610 3829 667 3919 et,
692 3821 778 3900 dum
801 3822 945 3899 vivebat
966 3824 1176 3925 Augustus,
1203 3823 1379 3923 quantivis
1403 3824 1527 3924 pretii,
1559 3833 1694 3921 tamen,
1727 3850 1769 3899 eo
1795 3832 1956 3921 mortuo,
1991 3848 2106 3925 neque
2131 3824 2287 3918 Liviae,
2311 3847 2379 3898 ne-

386 3939 477 4020 dum
496 3940 755 4018 successoribus
780 3940 968 4044 quidquam
989 3941 1149 4018 utilitatis
1173 3939 1347 4041 praebere
1372 3949 1511 4042 poterat
1534 3942 1704 4050 ejusmodi
1727 3943 1924 4018 chartarum
1947 3944 2149 4045 ineptarum
2171 3940 2324 4044 farragc.

540 4060 620 4139 Jarn
645 4086 781 4156 aarum,
808 4087 897 4163 quae
919 4062 1086 4137 hactenus
1111 4059 1381 4161 disputavimus,
1411 4086 1586 4137 summam
1606 4062 1671 4137 ubi
1692 4061 1894 4155 fecerimus,
1917 4061 1956 4138 id
1976 4069 2068 4137 certe
2090 4062 2193 4137 nobis
2212 4059 2377 4137 videmur

384 4177 551 4256 ducisse
573 4187 610 4255 et
633 4176 678 4253 ad
698 4177 868 4282 liquidum
892 4181 1124 4281 perduxisse,
1151 4186 1193 4254 ut
1213 4176 1386 4255 Suetonio
1409 4180 1568 4282 quidem,
1597 4181 1659 4255 ubi
1683 4180 1885 4281 hujusmodi
1910 4206 2111 4257 sermonum
2133 4174 2375 4284 ὑπογραφάς,

385 4323 480 4399 quas
501 4323 614 4401 supra
628 4301 707 4399 jam
729 4297 1021 4400 significavimus,
1048 4296 1289 4375 tantummodo
1311 4298 1611 4396 intellexerimus,
1644 4304 1744 4402 justa
1774 4307 1809 4376 et
1838 4301 1978 4403 integra
2008 4299 2096 4375 fides
2124 4300 2229 4375 tribui
2259 4307 2376 4402 quem,

383 4414 455 4492 sed
476 4425 538 4504 ut,
560 4443 680 4493 rerum
701 4441 743 4492 ac
765 4424 963 4519 temporum
984 4419 1169 4494 momentis
1189 4418 1228 4491 in
1251 4425 1437 4518 utramque
1461 4427 1595 4519 partem
1619 4420 1687 4494 rito
1709 4420 1900 4518 expensis,
1934 4419 2198 4515 existimemus,
2221 4418 2378 4520 Augusti

381 4533 568 4630 etLiviae
588 4561 767 4612 sermones
791 4560 874 4611 cum
898 4535 1011 4612 Cinna
1036 4534 1152 4639 deque
1177 4540 1254 4637 ejus
1277 4532 1517 4638 conjuratione
1538 4534 1699 4633 habitos,
1721 4561 1809 4638 quoa
1833 4533 1929 4638 apud
1953 4536 2130 4615 Senecam
2155 4561 2197 4611 ac
2221 4537 2375 4611 Dionem

378 4653 545 4729 Cassium
568 4653 744 4756 hodieque
767 4652 940 4756 legimus,
961 4681 1078 4732 meras
1099 4680 1181 4731 esse
1203 4655 1339 4755 ingenii
1362 4654 1526 4732 rhetorici
1549 4655 1801 4732 ostentationes
1824 4656 1850 4734 i.
1875 4681 1907 4732 e.
1935 4652 2069 4758 λόγους
2093 4649 2374 4742 ἐπιδεικτικούς,

380 4773 519 4855 similes
539 4780 673 4850 tantam
692 4773 855 4872 veritati,
884 4799 957 4852 non
981 4798 1084 4852 veros
1109 4796 1151 4849 ac
1173 4774 1358 4878 genuinos.

1110 5183 1120 5222 l

1217 5253 1562 5269 -n—-ss—-u
