5717 6575
937 718 942 730 υ
997 576 1521 725 ΒΡιΒΒοΒιΒ,οοοιοιι.ιξιΒ
1540 552 1890 689 munorum.
2356 574 2475 689 ιον

426 828 455 878 a
475 801 613 880 Seneca
647 791 799 902 Epistol.
822 798 905 877 XG.
929 808 964 891 6.
988 802 1052 881 26.
1075 802 1265 880 uerborum
1294 813 1406 879 sores
1433 801 1669 902 appellantur.
1719 782 1882 879 A'nctis
1912 802 2022 904 probe
2044 801 2315 908 disb'nguendae
2345 820 2427 889 aunt

427 929 589 1017 maeror,
614 916 845 1027 γράμματα,
869 919 893 994 i.
918 943 954 997 e.
977 920 1169 1018 elementa,
1194 942 1286 1021 qnae
1309 926 1437 995 vocant
1460 920 1567 996 etiam
1591 921 1777 1018 στοιχεῖα,
1801 927 1897 999 unct.
1922 920 2067 1022 Qrdntil.
2089 923 2122 1005 l.
2148 923 2214 1005 Or.
2239 924 2341 1005 Libr.
2356 928 2427 1009 Ill.

427 1065 465 1119 c.
488 1043 527 1117 u.
552 1051 586 1132 1.
612 1041 675 1116 19.
722 1040 846 1139 Atque
867 1037 921 1112 ito
943 1036 1091 1115 Graecis
1115 1034 1301 1136 σημηίοις,
1325 1032 1394 1115 dui
1418 1035 1585 1136 σημείων
1608 1033 1792 1141 γράφειν,
1814 1045 1996 1138 mprobe
2027 1067 2065 1121 κ.
2088 1069 2123 1129 τ.
2148 1049 2181 1119 l..
2206 1044 2427 1146 respondent

426 1154 646 1235 latinorum
666 1180 771 1233 rooes
803 1163 840 1231 et
870 1156 1063 1232 locutiones
1070 1206 1084 1252 ,
1115 1170 1245 1250 smus,
1276 1170 1427 1252 notare,
1458 1185 1527 1255 per
1550 1162 1855 1239 notas-scribere.
1905 1159 2078 1237 Notaruna
2100 1187 2190 1239 usus
2215 1163 2364 1243 obtinuit
2387 1167 2428 1245 in

428 1274 722 1379 Taulrpgrspbia,
746 1275 944 1350 litterarum
967 1276 1122 1351 maxime
1145 1276 1183 1350 in
1208 1273 1509 1378 Cryptograpbia-
1526 1273 1580 1373 16)
1630 1274 1714 1372 sio,
1746 1283 1789 1351 nt
1812 1277 1880 1353 hoc
1902 1285 2006 1375 ntur,
2027 1279 2207 1357 Plutarch.
2231 1283 2268 1359 in
2298 1284 2426 1365 Geton.

430 1394 526 1472 lilla.
550 1414 586 1470 o.
605 1398 690 1490 211,
710 1392 773 1468 nbi
800 1390 848 1468 de
873 1393 1054 1471 Ciceronis
1074 1394 1321 1495 tscbygrapbis
1342 1395 1516 1497 loquitur,
1547 1402 1722 1470 memorat
1753 1398 1889 1492 sepau
1918 1395 1962 1472 ἐν
1990 1400 2142 1496 μικροῖς
2175 1395 2243 1473 set
2266 1399 2428 1499 βραχέσι

428 1508 565 1597 τύποις
584 1516 737 1589 πολλῶν
758 1508 999 1615 γραμμάτων
1021 1511 1158 1606 ἔχοντα
1179 1507 1372 1609 δύναμιν,
1403 1512 1490 1587 item
1519 1511 1599 1612 ipse
1630 1511 1821 1590 Suetonius
1850 1514 1924 1605 Tit.
1949 1538 1981 1591 o.
2005 1519 2042 1592 3.
2072 1522 2170 1595 asotia
2193 1524 2360 1616 miprre
2390 1529 2428 1598 ot

427 1629 538 1710 Galb.
564 1656 596 1709 c.
612 1634 651 1709 5.
672 1646 802 1710 soture
825 1628 871 1704 de
893 1628 1066 1705 emibendi
1088 1628 1311 1730 compendiis
1334 1637 1372 1705 et
1392 1630 1582 1707 vorborum
1604 1656 1903 1734 numerorumque
1925 1632 2036 1736 signis
2060 1634 2207 1735 proprie
2231 1638 2427 1738 usurparit.
2582 1720 2586 1727 ,

429 1745 555 1852 Quid?
589 1750 668 1852 ipsc
706 1748 831 1826 Cicero
864 1746 937 1823 tuit
975 1742 1253 1851 οημεοομοάφοο
1297 1747 1456 1825 seribona
1489 1748 1538 1823 ad
1574 1750 1683 1828 Attio.
1725 1749 1827 1828 libr.
1860 1751 1965 1831 xul.
2003 1752 2077 1853 Ep.
2102 1758 2166 1832 32.
2179 1778 2181 1787 ·
2196 1762 2230 1845 §-
2254 1759 2312 1835 ia
2345 1755 2429 1852 „lit

429 1867 531 1972 qnod
553 1867 599 1945 ad
620 1876 659 1945 te
673 1866 719 1943 de
742 1866 1001 1968 decemlegatia
1026 1865 1164 1967 scripsi,
1187 1890 1315 1966 paruus
1328 1867 1513 1962 intellexti,
1537 1867 1655 1963 medo,
1677 1869 1759 1970 quia
1783 1866 1850 1944 ded
1864 1866 2031 1966 σημείων
2044 1871 2295 1973 seipseromr‘
2319 1874 2429 1951 Seili-

431 1997 491 2066 cet
512 2013 581 2091 pro
602 1988 721 2065 verbis
744 2012 833 2062 usus
855 1971 976 2060 iuerat
1005 1984 1128 2062 Cicero
1162 1984 1274 2086 signis
1301 1984 1515 2088 quibusdam
1545 2011 1589 2061 ao
1617 1985 1741 2088 liguris
1771 1988 1947 2090 integram
1979 2014 2104 2067 rocem
2134 1989 2427 2092 significantibus,

431 2132 522 2211 qnae
545 2107 686 2184 Atticus
716 2132 791 2181 non
822 2092 1056 2181 intellexerat.
1075 2103 1127 2199 1⁷)
1177 2101 1316 2202 Quodsi
1345 2103 1440 2179 bruno
1472 2104 1654 2182 Ciceronis
1685 2107 1805 2182 locum
1836 2107 2028 2206 respiciens
2060 2107 2202 2208 scripsit
2232 2109 2275 2185 G.
2308 2110 2427 2189 Julius

431 2226 556 2304 Verior
569 2252 603 2304 c.
617 2210 775 2302 XXVII.
789 2222 1021 2322 deEpistolis
1045 2246 1083 2320 p.
1101 2225 1189 2301 266.
1207 2221 1292 2299 0r.=
1317 2221 1469 2318 „Solent
1487 2224 1594 2300 etium
1617 2231 1721 2300 notos
1744 2223 1838 2298 inter
1862 2249 1904 2299 se
1928 2227 2138 2302 secretiores
2157 2227 2305 2329 paciaci,
2329 2229 2427 2330 qnod

430 2354 472 2422 et
495 2345 632 2422 Gsesar
655 2351 692 2420 et
714 2344 905 2445 Augustus
929 2348 966 2417 ct
990 2339 1115 2415 Cicero
1138 2348 1175 2415 et
1207 2340 1264 2415 alii
1296 2340 1457 2443 plerique
1483 2340 1699 2420 iecerunt:“
1731 2342 1958 2420 manifestum
1992 2353 2067 2442 est,
2098 2345 2295 2423 Rbotorem
2325 2346 2427 2425 illurn

431 2461 677 2566 componendo
703 2461 906 2539 Ciceronem
932 2482 1014 2534 eum
1036 2456 1133 2535 Julio
1159 2457 1312 2535 Caesare
1335 2466 1371 2534 et
1401 2458 1567 2559 Augusto
1597 2485 1790 2562 eorumque
1815 2486 1942 2538 aroana
1966 2461 2144 2540 acribmdi
2176 2464 2312 2541 radone
2349 2490 2427 2543 ma·

432 2606 595 2690 gnopere
617 2602 769 2656 cresse.
819 2577 912 2654 Nam
935 2574 1113 2653 scribendi
1137 2577 1252 2673 ratio,
1278 2600 1386 2679 quam
1409 2577 1551 2678 Tullius
1575 2578 1621 2654 de
1651 2604 1692 2654 re
1718 2579 1919 2679 spinosiore
1948 2606 2015 2680 per
2042 2584 2185 2681 jocum,
2206 2591 2248 2660 ut
2275 2582 2426 2682 vidcmr,

431 2705 687 2804 usurparent,
711 2722 858 2799 prorsus
880 2696 998 2771 differt
1022 2694 1070 2769 ab
1092 2720 1154 2789 ea,
1180 2694 1469 2799 quaAuguotum
1493 2702 1529 2771 et
1553 2704 1636 2772 ante
1660 2722 1743 2773 eum
1757 2702 1833 2798 jam
1855 2697 1991 2777 iulium
2007 2697 2194 2776 Gaesarem
2217 2727 2323 2777 usum
2347 2728 2428 2781 orae

433 2823 626 2899 meruerim
656 2816 834 2918 proditum
859 2815 1032 2918 legimns,
1063 2820 1106 2889 ut
1121 2817 1198 2915 jaus
1228 2813 1316 2891 vidit
1346 2815 1554 2917 monuitque
1585 2815 1627 2893 G.
1654 2815 1755 2894 Guil.
1781 2814 1827 2890 de
1851 2816 1975 2892 libcer
1999 2814 2046 2891 de
2069 2816 2175 2895 Stud.
2205 2816 2296 2898 litt.
2320 2818 2427 2899 Caes.

586 3086 683 3181 Nam
706 3082 901 3164 Suetonius
926 3083 971 3159 de
991 3078 1062 3163 iil.
1084 3083 1248 3162 Caesaris
1273 3082 1460 3186 Epistolis,
1494 3109 1583 3188 quas
1607 3080 1869 3162 Grammaticus
1892 3086 2037 3163 suismet
2059 3088 2169 3164 oculis
2189 3087 2427 3193 manibusque

435 3209 619 3307 serebat,
642 3228 834 3308 earumque
853 3203 968 3279 loma
990 3204 1131 3278 loeutus
1155 3202 1244 3278 haec
1268 3202 1387 3305 adjicit
1409 3228 1441 3280 c.
1462 3206 1543 3282 sos
1593 3200 1762 3301 „Extant
1790 3212 1834 3280 et·
1852 3201 1898 3279 ed
1923 3205 2146 3304 Ciceronem,
2170 3207 2255 3282 item
2285 3208 2331 3282 ad
2354 3209 2427 3286 Fa-

417 3329 588 3421 ,millares
613 3325 814 3402 domesticis
840 3319 887 3397 de
911 3317 1039 3397 reiense
1063 3322 1101 3395 in
1125 3322 1323 3424 qurbm,si
1354 3343 1426 3425 quo
1449 3322 1621 3398 oconltius
1646 3323 1859 3423 perferenda
1883 3331 2003 3419 erant,
2034 3349 2101 3425 per
2133 3332 2236 3401 notas
2272 3328 2426 3429 scripsit,

362 3447 364 3452 ’
433 3447 474 3526 id
499 3456 572 3546 cst,
596 3444 649 3525 sic
669 3451 805 3522 eruero
829 3442 1024 3518 litterarum
1040 3438 1186 3537 ordine,
1208 3448 1249 3516 ut
1271 3443 1405 3516 unium
1429 3441 1578 3517 verbum
1602 3439 1697 3516 effici
1721 3448 1864 3543 posset:
1889 3467 1980 3544 quoe
2003 3442 2137 3545 siquis
2158 3443 2370 3547 investigare
2389 3456 2427 3523 et

435 3568 602 3672 persequi
623 3566 728 3662 velit,
751 3567 911 3667 quartmn
934 3562 1189 3635 elementomm
1212 3559 1385 3662 litteram,
1409 3558 1448 3634 id
1470 3565 1544 3655 est,
1567 3562 1594 3637 d
1614 3583 1683 3661 pro
1706 3589 1734 3638 o
1758 3568 1796 3636 et
1827 3559 1976 3663 perinde
2006 3562 2163 3663 reliques
2196 3563 2427 3641 commutet.“

432 3691 517 3787 Quo
543 3688 581 3762 in
599 3683 681 3762 loco
705 3707 762 3759 rr.
790 3689 830 3759 irs
855 3683 983 3782 quibus
1008 3677 1054 3752 ad
1077 3677 1256 3778 Epistulas
1282 3677 1328 3752 de
1357 3675 1465 3754 rebus
1490 3671 1693 3754 domesticis
1727 3679 1878 3780 arripias
1909 3680 2014 3755 unice
2046 3681 2226 3784 pertinere
2262 3682 2425 3761 arbitror.

431 3805 507 3885 sse
533 3801 678 3882 (lessius
706 3797 850 3905 qmdmn
871 3798 974 3875 Libr.
996 3795 1083 3873 Xlr.
1117 3823 1149 3874 o.
1172 3799 1212 3874 o.
1235 3793 1398 3871 eumdem
1429 3819 1707 3873 commemorans
1743 3795 1920 3874 scribendi
1952 3797 2096 3873 modum
2111 3801 2297 3888 *universe
2327 3799 2425 3897 dicit,

441 3919 554 4003 ὁπότε
581 3948 619 3999 τι
644 3919 692 3999 δι’
718 3914 941 4017 decipimur
964 3913 1042 3993 τινὶ
1068 3913 1255 3991 inieratis
1261 3962 1276 4001 ‚
1299 3914 1364 3990 sed
1386 3925 1431 3990 ea
1451 3914 1739 4017 Cryptogmplnia
1762 3941 1833 3991 non
1857 3916 1925 3991 nisi
1947 3917 2040 3992 inter
2060 3915 2251 3992 faciliores
2275 3923 2311 3993 et
2333 3919 2426 3993 inte-

435 4041 541 4121 rioris
574 4039 795 4119 admissionis
824 4036 1003 4131 homines,
1035 4033 1165 4136 quibus
1201 4033 1325 4111 susem
1361 4032 1602 4111 excludendus
1629 4034 1754 4132 luerit,
1789 4042 1825 4111 et
1844 4035 1982 4138 cognita
2004 4033 2142 4110 ridetur
2163 4034 2272 4113 inisse
2296 4043 2333 4113 et
2353 4059 2424 4112 usn

436 4169 586 4265 recepta
643 4157 689 4235 ld
722 4159 942 4259 aliquatenus
972 4152 1198 4230 mnlirnsetur
1229 4155 1335 4229 mam
1355 4153 1555 4230 testimonio
1581 4152 1690 4231 Gellii
1721 4153 1769 4231 11.
1795 4153 1845 4233 A.
1868 4153 1970 4231 Libr.
1994 4153 2115 4231 xvss.
2139 4179 2173 4230 c.
2198 4156 2256 4234 es
2287 4141 2424 4253 „Libii

506 4425 555 4496 16)
570 4427 614 4483 lie
634 4423 716 4481 Notis
739 4423 810 4489 apud
832 4429 940 4478 veteres
961 4421 1176 4492 taebypraplricis
1198 4437 1344 4492 aaronque
1362 4423 1406 4478 lu·
1455 4422 1545 4477 Paris.
1562 4425 1592 4475 et
1607 4421 1695 4479 Editt.
1712 4425 1777 4480 vett.
1795 4437 1848 4490 ope
1863 4421 2070 4492 perpurgaverlt
2095 4437 2210 4493 eumque
2233 4421 2306 4478 baud
2330 4426 2424 4494 paucis

436 4513 564 4572 cendone
580 4515 609 4566 et
623 4511 700 4566 reric
716 4525 767 4579 per
783 4523 875 4563 omnes
897 4511 1001 4562 aetatm
1018 4524 1067 4561 usu
1090 4507 1173 4560 mults
1191 4507 1272 4561 'multi
1288 4506 1406 4576 scripse-
1455 4505 1524 4561 loeis
1540 4504 1652 4574 merie
1667 4505 1857 4558 emendaverit.
1888 4505 1979 4560 Notae
2002 4503 2424 4576 Tacbygrapborum,nt1aido·

436 4603 518 4667 nrt,
533 4612 602 4668 quos
617 4593 662 4650 llic
678 4580 817 4662 sigillatim
834 4605 1043 4646 commemorare
1058 4589 1232 4661 supersedeo.
1260 4591 1337 4647 Quae
1353 4589 1404 4644 iro-
1455 4604 1503 4644 rus
1520 4589 1770 4658 perspicuedocet,
1787 4587 1976 4656 significabant
1990 4588 2075 4642 verba
2096 4591 2142 4643 vel
2161 4589 2278 4656 syllabas
2295 4591 2422 4659 praefixis

437 4683 539 4754 dieque
555 4684 690 4749 superstes
707 4681 793 4731 estet
809 4677 960 4730 celebratur
977 4677 1097 4730 Tirosats
1117 4680 1147 4729 et
1168 4677 1296 4729 Senecae
1312 4675 1406 4730 Colle-
1456 4669 1809 4746 obmctsribuffpraetiui
1832 4678 1921 4726 autern
1944 4670 2114 4726 obmutesce
2137 4676 2215 4727 eraut
2238 4679 2311 4728 certa
2334 4663 2423 4746 sigila,

437 4770 499 4825 ctio
515 4767 659 4822 Nomas
673 4761 810 4818 veteribus
838 4754 1027 4829 saxwpoiepess
1054 4764 1256 4829 usurpatsrom,
1290 4756 1404 4827 primum
1455 4771 1510 4811 non
1527 4756 1598 4811 iuter
1614 4757 1784 4811 scribendum
1807 4762 1887 4825 osu,
1910 4756 1960 4809 sed
1983 4761 2047 4809 ants
2068 4754 2179 4811 inventa
2201 4761 2230 4810 ct
2250 4766 2377 4830 recepta,
2394 4768 2424 4814 ut

437 4851 538 4909 missa
554 4853 597 4903 est
612 4846 728 4902 maxime
745 4861 762 4898 e
778 4844 922 4899 ‘l'ritlremii
940 4844 1044 4898 Codice
1060 4844 1094 4897 ab
1111 4845 1180 4898 iero
1192 4842 1310 4896 Grutero
1328 4841 1406 4900 1616.
1456 4840 1582 4895 notaadis
1598 4839 1679 4896 certis
1697 4840 1808 4909 syllabis
1828 4842 1875 4895 rel
1894 4838 2044 4894 nominibus
2066 4840 2235 4896 inservirent.
2269 4843 2344 4899 Quas
2364 4845 2424 4899 Ne·

437 4937 491 4994 iol.
507 4939 537 4990 et
551 4935 580 4988 in
601 4929 737 4989 Theseur.
760 4926 895 4998 iuscriptt.
919 4933 947 4981 et
969 4929 1003 4981 ab
1028 4927 1103 4994 eliis,
1126 4941 1193 4996 quos
1216 4925 1358 4994 diligentia
1378 4931 1407 4980 et
1456 4930 1498 4979 tas
1515 4925 1560 4995 qni
1577 4925 1682 4979 scilicet
1698 4926 1733 4979 ad
1750 4924 1832 4979 ritam
1849 4923 2016 4977 tolerandam
2033 4922 2199 4993 didicerant,
2216 4929 2424 4996 appellabuntur

437 5017 584 5092 spiecdcre
603 5015 741 5070 anmoeliit
764 5015 823 5068 mr.
851 5013 903 5066 Fr.
919 5013 1022 5079 Kopp,
1039 5009 1353 5079 Basso-Caesellanns,
1375 5009 1405 5063 io
1455 5009 1566 5079 proprie
1585 5011 1720 5077 Notasit,
1737 5009 1817 5063 etism
1833 5009 1970 5062 scaram
1989 5003 2057 5075 (rid.
2077 5007 2188 5078 Lipsius
2204 5010 2239 5063 ad
2264 5009 2354 5063 Taciti
2368 5013 2421 5066 An.
2575 5021 2578 5028 '

435 5101 675 5170 reseoprspssa
699 5100 822 5153 ennea.
843 5097 905 5149 Vol.
922 5096 1024 5150 1-1v.
1054 5092 1188 5147 bianhem.
1213 5092 1292 5150 1817.
1318 5093 1345 5148 1.
1367 5093 1403 5147 ol.
1456 5091 1489 5146 V.
1505 5107 1529 5147 c.
1545 5091 1573 5148 4.
1590 5099 1618 5147 at
1634 5095 1748 5148 Gesner.
1773 5093 1808 5145 sd
1831 5090 1902 5146 Plio.
1919 5091 2006 5162 Epist.
2022 5093 2067 5145 111.
2086 5092 2114 5147 b.
2132 5089 2160 5160 5.
2170 5088 2238 5160 11.),
2255 5093 2352 5162 passim
2369 5095 2423 5150 ιο·

437 5186 545 5253 Reisig.
561 5184 653 5239 Praei.
667 5184 704 5236 de
720 5183 753 5235 1..
769 5182 802 5235 1..
820 5178 848 5247 5.
858 5178 902 5233 18.
917 5196 946 5248 p.
962 5180 1006 5233 es.
1040 5176 1204 5245 Praecipuus
1222 5177 1257 5231 rte
1273 5176 1329 5231 iilis
1345 5178 1404 5231 No-
1455 5177 1566 5244 brartl,
1590 5193 1632 5246 gr.
1652 5167 1840 5245 ιοχυγρᾶφοι,
1865 5176 1911 5245 qui
1927 5175 2014 5246 proba
2030 5175 2213 5245 dbtinpuendi
2228 5181 2290 5230 sunt
2305 5193 2322 5230 a
2338 5179 2424 5231 Scri·

436 5273 477 5328 ab
492 5273 568 5326 loeas
582 5265 834 5337 corporeorum
858 5264 893 5317 de
909 5263 987 5330 liris.
1007 5261 1082 5315 Liar.
1106 5263 1127 5316 l.
1149 5275 1174 5314 c.
1193 5261 1255 5328 21„
1275 5260 1305 5315 ia
1327 5275 1407 5329 quesn
1458 5261 1516 5314 bis.-
1534 5259 1589 5314 rid.
1607 5257 2061 5331 cremer.Anttq.1som§.1lu.

438 5352 614 5412 mutati
631 5356 700 5406 sunt
715 5351 752 5405 li.
763 5351 845 5416 urge
861 5349 882 5402 1.
896 5364 921 5401 c.
938 5365 966 5415 p.
984 5347 1036 5401 les
1052 5361 1111 5414 sqq.
1128 5350 1157 5399 st
1172 5351 1235 5414 past
1253 5345 1407 5399 Ernestium

437 5441 478 5496 ai
494 5436 617 5493 Fabricii
631 5435 704 5491 aus
720 5436 781 5487 isat.
795 5434 871 5487 Libr.
887 5433 922 5487 11.
940 5448 963 5485 ο.
979 5432 1006 5485 a.
1023 5431 1106 5485 Tora.
1122 5430 1157 5485 11.
1173 5446 1201 5498 p.
1217 5429 1271 5483 uu
1283 5443 1326 5497 sq.
1341 5443 1408 5498 prae
1526 5427 1574 5495 17)
1591 5428 1635 5485 cl.
1653 5429 1727 5484 imm.
1743 5428 1821 5484 Frid.
1838 5429 1973 5496 &efferii
1985 5427 2098 5484 Dissert.
2115 5424 2304 5482 describendi
2321 5441 2445 5496 genere·

437 5520 557 5581 nunu
571 5523 654 5575 m
670 5521 798 5585 aanor
813 5517 1009 5583 nmmos
1024 5516 1066 5568 οὐ
1083 5512 1334 5579 nomenata·
1347 5514 1407 5566 1⁸*
1459 5510 1507 5565 διὰ
1524 5514 1648 5577 essem
1663 5512 1782 5581 unse.
1799 5524 1844 5582 ap.
1860 5521 1926 5567 vsa
1943 5514 2021 5567 uon.
2037 5512 2065 5564 Β.
2081 5513 2125 5566 ro.
2137 5511 2244 5568 umas
2260 5512 2336 5571 mn.
2348 5516 2422 5570 wu-

382 5645 392 5660 .
439 5622 522 5668 asos.
538 5605 650 5663 saue.
667 5605 692 5660 1.
701 5600 828 5659 Rostucb.
845 5601 922 5656 issu.
938 5599 976 5669 1.,
992 5598 1068 5669 utqui
1085 5597 1113 5656 b.
1129 5600 1150 5655 1.
1167 5597 1256 5654 codd.
1273 5595 1366 5652 (iasii.
1380 5601 1408 5651 et
1458 5589 1514 5652 eiu
1529 5595 1606 5652 uis
1623 5598 1724 5653 Sceist.
1741 5598 1830 5653 Latis.
1845 5599 1953 5653 isaeus.
1970 5597 2032 5652 Vel.
2049 5595 2083 5648 11.
2098 5611 2126 5664 p.
2142 5589 2298 5657 ilii-18.

2041 5681 2119 5757 19*
