5717 6575
1051 571 1744 710 ommoruaosarsnarrouraos
2315 648 2398 729 ιη

391 827 531 937 pariter
549 825 771 930 utquo·slius
795 821 897 903 domi
919 830 1085 903 exesas
1107 819 1276 904 demere
1295 825 1497 904 recitaverit
1518 835 1625 930 atquo
1644 827 1685 904 in
1706 827 1838 931 vulgus
1860 824 2026 928 ediderit,
2058 828 2106 906 od
2128 830 2281 909 Dionem
2303 860 2390 939 per·

391 948 535 1029 senisse
551 946 599 1024 ab
615 971 730 1049 eoque
745 946 783 1021 in
802 944 982 1023 Graecum
996 971 1193 1023 conuersas·
1209 945 1312 1050 operi
1332 946 1497 1024 historico
1522 973 1588 1024 suo
1610 947 1759 1023 insertas
1784 946 1941 1046 esselfl)
1966 947 2016 1025 tt
2040 975 2109 1052 ego
2131 978 2232 1029 secus
2253 952 2320 1031 lrac
2343 954 2391 1035 ds

391 1094 437 1155 ιο
460 1066 630 1159 οιὶιιίιιιο
653 1072 690 1143 et
708 1065 797 1141 nihil
821 1064 879 1141 trio
903 1066 1043 1142 invenio
1066 1066 1136 1142 nisi
1159 1066 1320 1145 historici
1351 1066 1495 1169 copiose
1522 1066 1780 1144 rhetorissantis
1814 1063 2077 1165 euasurum)
2107 1080 2241 1148 tanturn
2277 1075 2387 1176 obest,

392 1184 662 1291 stringentem
681 1210 749 1281 aa,
775 1210 844 1287 qua
866 1185 935 1261 llio
957 1210 1041 1265 eum
1065 1183 1240 1265 dicentem
1261 1185 1394 1265 inducit
1405 1238 1422 1283 ,
1447 1188 1582 1263 ratione
1610 1194 1646 1262 et
1666 1212 1789 1264 rernm
1819 1185 2080 1289 verborumque
2102 1190 2261 1267 obesse
2286 1196 2389 1273 loco·

390 1321 474 1387 turn
498 1332 582 1385 esse
603 1304 766 1384 arbitrer.
811 1303 921 1406 ,Quod
945 1306 1151 1409 priusquam
1172 1307 1312 1409 planius
1332 1305 1489 1402 affirmo,
1518 1303 1786 1383 diomdumest
1809 1303 1856 1381 de
1879 1309 1958 1383 loco
1980 1305 2141 1384 Suetonii
2169 1315 2299 1410 c.3‹l.,
2324 1316 2390 1394 nbi

310 1518 325 1535 p
392 1424 595 1513 &scudem
618 1424 721 1526 Lego
755 1421 876 1501 sermo
897 1432 971 1503 estc
1002 1424 1137 1522 ‚,Iiano
1158 1450 1272 1529 quum
1303 1427 1486 1528 aliquanto
1517 1426 1676 1501 sororius
1704 1451 1813 1529 quarn
1841 1433 2000 1505 caeteras
2030 1427 2267 1528 emendasset,
2298 1459 2389 1537 prae

392 1548 547 1631 tomnllr
565 1542 810 1622 recusantium
822 1543 984 1645 perterre
998 1564 1072 1620 non
1087 1547 1218 1646 potnit,
1242 1545 1310 1620 nisi
1324 1544 1488 1646 adempta
1509 1542 1652 1620 demum
1666 1544 1818 1622 lenitaue
1831 1552 1932 1646 purte
1949 1570 2148 1647 poenarum
2163 1556 2198 1623 et
2212 1554 2390 1633 nouom

396 1666 536 1745 trienni
560 1664 662 1761 data,
692 1664 873 1767 auffisqnc
904 1665 1083 1766 praemiis.
1140 1664 1203 1741 Sic
1234 1689 1375 1766 quoque
1404 1664 1627 1741 abolitionem
1657 1669 1733 1766 ejus
1768 1662 1911 1766 publico
1944 1669 2143 1766 spectaculo
2167 1671 2391 1769 pertinaciter

395 1787 601 1893 postulante
623 1784 769 1885 Equite,
801 1784 933 1859 accitos
964 1782 1164 1860 Gennauici
1196 1782 1325 1859 liberos
1349 1791 1584 1885 receptosque
1607 1784 1806 1884 portioned
1831 1810 1890 1880 se,
1926 1786 2061 1885 partim
2093 1794 2133 1861 in
2163 1791 2274 1889 patris
2301 1818 2389 1894 gre·

392 1906 528 2002 mium,
548 1904 766 1998 cumton,
790 1926 900 1981 uranu
923 1904 1093 2003 uultuque
1116 1901 1339 2005 significans,
1369 1928 1416 1978 ne
1441 1915 1673 2004 gravarentur
1696 1905 1826 1978 imitari
1846 1905 1988 2005 juvenis
2013 1908 2264 2007 exemplum.“
2312 1914 2390 1990 Pu.

394 2021 647 2126 blicum·-·quod
667 2020 1061 2099 mernorat'Suetonius
1083 2024 1323 2122 spectaculum
1347 2023 1429 2124 quis
1451 2020 1593 2098 dubitet
1626 2047 1706 2099 csso
1735 2020 1831 2106 θέας
1856 2017 2062 2108 ἐπινικίους
2085 2024 2183 2127 apud
2205 2027 2387 2112 Dionem?

305 2230 308 2235 ,
394 2144 555 2245 Uterque
574 2151 691 2221 autem
712 2141 863 2244 scriptor
884 2145 1123 2238 contestatur,
1147 2139 1389 2221 ambacum-
1404 2139 1515 2244 Legis
1547 2140 1663 2222 Juliae
1694 2143 1756 2217 illa
1780 2143 1872 2218 inter·
1902 2144 2102 2243 spectacula
2123 2144 2169 2221 alr
2201 2146 2389 2250 Equitibus

394 2265 614 2340 turmultuoso
633 2264 844 2365 pouolrum
865 2285 956 2337 esse.
963 2260 1017 2358 ⁹2)
1050 2262 1116 2337 ,Δί
1139 2256 1332 2337 Suetonius
1354 2284 1469 2360 neque
1487 2259 1534 2337 do
1553 2261 1753 2337 convocatis
1781 2261 1819 2337 iu
1834 2260 1966 2337 Forum
1992 2259 2180 2366 Equiubus
2200 2292 2318 2369 neque
2340 2269 2388 2347 de

397 2381 612 2459 orationibus
636 2382 827 2482 separatim
850 2377 896 2454 ad
921 2403 983 2455 eos
1007 2377 1109 2456 dictis
1132 2376 1321 2483 quidquam
1342 2377 1519 2474 babere,
1543 2378 1640 2482 qnod
1665 2379 1712 2455 de
1737 2378 1938 2457 Germanioi
1961 2379 2079 2457 liberis
2100 2393 2233 2482 narrat,
2257 2386 2299 2463 id
2317 2414 2387 2468 non

398 2512 533 2579 tentus
553 2501 630 2603 quis
653 2498 839 2576 contendat
860 2500 899 2577 in
920 2497 1058 2574 theatro
1084 2499 1219 2574 lacuum
1236 2523 1328 2594 esse,
1355 2525 1425 2601 quo
1443 2499 1548 2575 eitius
1563 2498 1739 2601 Equitum·
1755 2500 2006 2603 postulantium
2030 2495 2201 2580 clamores
2222 2505 2262 2580 in
2281 2534 2388 2609 proc·
2463 2502 2466 2509 ’

397 2621 515 2699 mss
535 2619 755 2699 redemtus
804 2617 1017 2696 Orationum
1037 2619 1143 2718 igitur
1163 2619 1314 2693 istorum
1337 2616 1426 2695 tides
1451 2625 1486 2693 et
1511 2620 1700 2694 auctoritas
1720 2644 1828 2720 penas
1849 2644 1959 2692 unum
1982 2621 2138 2697 Dionem
2160 2633 2229 2701 ost.
2272 2626 2388 2705 Nihilo

398 2750 519 2819 temen
540 2741 655 2817 meins
678 2739 753 2814 reri
773 2746 827 2813 est
845 2737 1077 2833 similimum,
1101 2737 1146 2812 ab
1168 2737 1332 2839 Angusto
1366 2763 1432 2838 pro
1458 2762 1501 2813 eo
1531 2761 1603 2838 quo
1630 2746 1723 2814 esset
1748 2735 1859 2839 Legis
1889 2737 1985 2814 illius
2011 2740 2244 2840 perferendae
2269 2744 2388 2825 studio

400 2860 593 2955 ωπὶιιιο,
622 2858 676 2941 in,
691 2858 805 2958 ipsis,
841 2855 968 2958 quibus
999 2856 1084 2931 illae
1120 2855 1210 2932 θέαι
1239 2852 1415 2933 meister
1449 2867 1550 2933 actae
1580 2864 1685 2952 sunt,
1726 2855 1850 2932 diebus
1883 2854 2043 2932 ordinem
2071 2869 2292 2975 equestrem,
2326 2871 2388 2970 qni

399 3004 488 3084 prae
510 2980 657 3058 caeteris
678 2977 907 3055 refractarios
931 2986 1037 3072 esset,
1061 2978 1098 3050 in
1119 2976 1322 3052 concionem
1344 2982 1506 3053 cocetum
1531 2984 1567 3051 et
1591 2979 1838 3077 compellatum
1862 3001 1955 3052 esse.
2005 2976 2142 3076 Quodsi
2166 2988 2285 3059 antem
2308 3012 2388 3063 curn

398 3096 654 3203 praegrandem
677 3097 832 3199 Augrrsti
851 3103 1020 3183 aetatem,
1049 3096 1110 3170 illo
1135 3096 1215 3195 ipso
1239 3103 1399 3196 tompore
1423 3094 1574 3196 publicis
1603 3093 1877 3197 domesticisque
1904 3097 2000 3172 curia
2025 3096 2127 3173 valde
2147 3107 2387 3205 vexatam,²¹)

399 3228 478 3297 turn
504 3217 664 3319 inprimis
698 3214 786 3292 illud
815 3216 1057 3317 sepulcretis,
1102 3213 1197 3316 quod
1230 3214 1429 3316 Imperator
1465 3215 1758 3317 septuagenarius
1788 3213 1959 3316 adspectu
1984 3213 2128 3295 ἆιιιιιιιιι
2153 3217 2325 3323 Equitum
2349 3225 2388 3304 in

396 3337 489 3418 duos
519 3336 769 3428 discedentium
789 3345 906 3436 portes
929 3360 1146 3435 numeroque
1169 3335 1345 3411 caelibum
1371 3338 1504 3435 majore
1527 3332 1736 3436 indignatus
1760 3332 1807 3408 ad
1829 3333 2017 3410 dicendum
2041 3344 2160 3413 motus
2186 3365 2265 3416 esse
2290 3344 2389 3422 tera·

327 3454 331 3464 ’
397 3466 482 3551 ως
497 3455 598 3534 baud
622 3456 808 3531 difficulter
832 3453 898 3530 tibi
921 3453 1167 3555 persuadebis,
1197 3455 1276 3530 illas
1300 3456 1498 3550 orationes,
1523 3477 1605 3529 cum
1627 3452 1818 3529 subitarias
1840 3461 1962 3529 essent
1982 3462 2020 3531 et
2040 3456 2118 3530 sine
2143 3462 2288 3558 praeuia
2310 3488 2390 3541 ιιιο-

398 3575 568 3656 ditatione
586 3574 786 3671 habendae,
810 3599 883 3650 nou
902 3574 1065 3676 potuisse
1093 3600 1167 3651 nou
1188 3600 1270 3651 esso
1290 3572 1472 3650 breviores
1494 3599 1611 3677 neque
1644 3574 1729 3647 tanti
1765 3572 1915 3648 ambitus
1940 3576 2069 3650 tantive
2094 3576 2245 3678 artificii,
2268 3584 2390 3684 qnenfi

398 3699 472 3778 siut
493 3696 583 3772 istac
604 3720 626 3770 o
647 3696 764 3771 Dione
789 3694 1020 3796 perscriptae.
1069 3693 1195 3795 ltaque
1219 3693 1307 3769 milri
1327 3718 1542 3794 persuasum
1564 3701 1639 3789 est,
1663 3693 1870 3791 Augustum
1890 3718 2031 3789 senem,
2057 3694 2120 3770 ubi
2146 3697 2390 3782 excanduisse(

398 3840 536 3910 amo,
561 3815 683 3915 paucis
707 3810 773 3889 sed
797 3813 964 3915 gravibus
982 3838 1086 3888 usum
1106 3838 1186 3888 esse
1209 3812 1331 3888 verbis
1353 3812 1520 3914 Equitum
1541 3808 1826 3897 alioslaudaudo
1852 3812 2013 3912 aliosque
2035 3815 2259 3916 castigando,
2286 3829 2390 3925 atquo

400 3936 519 4012 sosas
539 3918 703 4034 idipsum
718 3933 917 4009 mucionem
938 3931 1161 4033 receptisque
1182 3931 1222 4006 in
1246 3957 1351 4008 snum
1375 3941 1410 4007 et
1434 3933 1545 4034 patris
1569 3932 1743 4034 gremium
1760 3929 1963 4007 Germanici
1983 3931 2116 4028 liberis,
2132 3937 2301 4013 maluisse
2313 3948 2390 4016 tra·

399 4054 570 4158 poedias,
600 4060 641 4127 ut
662 4053 714 4127 ita
737 4051 872 4147 dicem,
906 4076 1014 4154 quem
1035 4048 1170 4128 dicendi
1199 4050 1300 4128 faces
1331 4050 1515 4129 adhibere.
1575 4050 1659 4126 Istis
1689 4057 1807 4125 tamen
1836 4047 2031 4151 tragoediis
2055 4052 2311 4133 existimandus
2332 4069 2390 4139 est

401 4174 576 4269 effecisse,
609 4179 648 4247 ut
677 4171 744 4246 sub
774 4170 880 4245 tinem
908 4172 1012 4246 huius
1044 4171 1144 4266 anni,
1184 4168 1241 4249 Μ.
1262 4170 1374 4273 Papio
1400 4172 1531 4247 Mutilo
1558 4177 1594 4246 et
1619 4167 1666 4271 Q.
1690 4171 1862 4270 Poppaeo
1894 4169 2061 4247 Secundo
2092 4172 2195 4252 coss.
2223 4178 2389 4280 euticetis,

399 4293 543 4370 tondeo
563 4290 643 4367 Lex
658 4290 752 4369 Julia
777 4288 822 4364 dc
843 4288 1052 4381 maritandis
1077 4288 1259 4366 ordinibus
1282 4291 1500 4392 perterretur
1516 4297 1552 4365 et
1572 4288 1656 4365 inde
1668 4288 1767 4367 Julia
1781 4298 1818 4365 et
1832 4290 1945 4392 Papia
1954 4290 2123 4393 Poppaeo
2137 4295 2388 4381 nemimem.

551 4431 588 4506 5.
639 4424 720 4504 Non
743 4427 895 4502 alienum
920 4426 1049 4521 luerit,
1071 4428 1127 4503 lric
1149 4429 1188 4503 in
1208 4426 1368 4503 medium
1390 4427 1555 4528 prolerre
1578 4425 1792 4522 orationem,
1818 4453 1924 4528 quam
1947 4426 2152 4529 Augustus,
2176 4432 2389 4513 Alexandria

395 4573 523 4627 menso
543 4545 671 4625 Sextili
694 4571 728 4621 a.
753 4546 801 4623 U.
823 4545 866 4624 0.
891 4550 980 4625 724.
1002 4571 1034 4623 s.
1061 4552 1125 4626 ab.
1147 4554 1331 4650 occupata,
1354 4547 1469 4623 victor
1492 4544 1618 4624 urbem
1636 4546 1808 4642 invectus,
1832 4544 2083 4643 in-Gymnasio
2108 4548 2155 4623 od
2174 4552 2270 4628 circs
2292 4552 2388 4638 bnmi

395 4817 405 4826 ·
468 4801 517 4873 18)
530 4752 673 4860 Febricins
689 4800 760 4858 banc
774 4757 883 4871 tremus
904 4800 973 4857 altas
991 4800 1107 4869 Augusti
1128 4801 1281 4871 orodonas,
1300 4815 1371 4871 qnae
1420 4801 1493 4873 epod
1508 4799 1625 4857 Dionen
1640 4798 1732 4856 sobrie
1747 4796 1857 4870 mrlpott
1869 4798 1904 4856 a.
1919 4798 2048 4855 venem
2064 4801 2190 4862 eonion
2208 4804 2242 4864 0.
2257 4807 2389 4867 Fontibus
2532 4853 2534 4859 .

396 4903 446 4962 tp·
461 4888 577 4946 Dionen
590 4886 773 4957 inveniuntur,
793 4886 824 4944 lo
842 4888 924 4944 caes.
938 4887 1010 4954 sog.
1024 4887 1136 4954 Fragn.
1151 4903 1179 4957 p.
1195 4887 1256 4944 173.
1272 4886 1373 4956 omisit,
1419 4892 1449 4941 et
1462 4887 1629 4942 Aaronom
1645 4885 1748 4954 (Berol.
1765 4885 1842 4941 lass.
1858 4885 1896 4953 8.)
1913 4884 1981 4955 esp.
1996 4886 2031 4943 ΙΙ.
2047 4902 2074 4956 p.
2085 4888 2185 4960 bquq.

397 4974 466 5048 quis
479 4974 642 5047 prolixiores
664 4972 733 5042 sint,
755 4977 786 5028 nt
805 4971 857 5043 sit,
878 4988 965 5041 neque
985 4970 1102 5039 Augusti
1122 4972 1221 5041 rerba,
1242 4973 1292 5027 sed
1308 4987 1372 5026 sen·
1487 4969 1536 5040 2⁰)
1551 4972 1622 5026 Istae
1641 4970 1767 5039 Equitum
1788 4970 1884 5024 turbae
1904 4969 1963 5023 sine
1985 4968 2068 5026 dnbio
2090 4980 2171 5028 nsua
2190 4980 2253 5031 sunt
2272 4975 2388 5038 laludio

395 5059 511 5118 meam
526 5051 667 5128 utcumque
683 5058 791 5113 Graece
806 5072 964 5127 expressam
976 5056 1130 5111 exhibeant.
1161 5055 1230 5111 llam
1240 5057 1370 5112 ncrerbo
1418 5055 1534 5110 soenicir
1555 5060 1713 5127 propterea,
1736 5055 1809 5124 quod
1830 5055 1981 5123 Augustos,
2002 5055 2076 5111 illius
2092 5056 2176 5126 Legis
2195 5059 2298 5129 matis,
2319 5078 2388 5117 nos-

395 5143 507 5217 qaldsm
522 5143 612 5213 sttlgit
624 5145 661 5204 Η.
676 5143 803 5214 Herem
817 5141 848 5204 iu
862 5143 950 5197 orsu
963 5140 1042 5198 Rom.
1057 5139 1168 5209 From.
1183 5156 1212 5212 p.
1226 5141 1281 5199 m
1295 5156 1338 5211 sq.
1419 5141 1495 5195 nulla
1515 5139 1545 5194 in
1566 5139 1672 5194 theano
1691 5140 1803 5208 simque
1824 5139 1964 5195 ordinibus
1984 5147 2147 5209 moereo,
2167 5148 2236 5198 testo
2257 5145 2388 5210 Suetonio¹

1419 5237 1445 5279 c
1458 5222 1503 5278 os
1537 5222 1582 5279 cr.
1598 5208 1686 5293 ripen
1701 5224 1814 5278 excors
1832 5222 1867 5278 su
1884 5223 1975 5279 rocio
1990 5225 2061 5281 mr.
2076 5226 2151 5281 mar.
2166 5226 2214 5281 ιιι
2228 5242 2254 5283 c
2268 5228 2314 5286 aa

395 5313 401 5322 '
467 5310 517 5383 lt)
531 5311 648 5370 aedom
661 5312 716 5370 iata
732 5310 832 5381 oratic,
846 5311 969 5380 soemo
985 5309 1093 5379 afficta,
1112 5324 1169 5366 noa
1184 5313 1249 5379 nm,
1264 5308 1290 5365 sl
1305 5307 1370 5380 quid
1486 5306 1535 5378 81>
1549 5310 1621 5364 Ante
1637 5306 1772 5363 biennium
1787 5306 1912 5379 Agrippa
1925 5310 2080 5376 Postumus,
2103 5308 2161 5376 ejus
2182 5325 2283 5384 nepos,
2300 5315 2388 5376 Rom

392 5394 538 5470 intelligo,
558 5398 731 5468 lnpsrstor‘u
749 5397 823 5456 illisa
844 5412 925 5467 qum
952 5395 1038 5465 ipsius
1057 5394 1155 5452 Dionis
1177 5394 1316 5462 manium
1336 5410 1372 5452 co
1418 5394 1557 5462 mmo·
1579 5398 1608 5450 et
1628 5392 1763 5464 amariori
1783 5408 1857 5448 anno
1877 5394 1965 5462 lulis,
1988 5395 2047 5463 elus
2061 5393 2165 5463 neptis,
2181 5396 2309 5456 doluit
2322 5415 2386 5460 ω..

394 5484 536 5548 mendi
549 5481 901 5554 sobmdqoenamm,
923 5496 1003 5552 men
1018 5494 1085 5536 rere
1100 5495 1134 5537 ac
1149 5479 1242 5537 viride
1257 5494 1371 5547 merer-
1418 5478 1508 5549 vieta,
1523 5478 1561 5535 ud
1575 5478 1638 5540 litu
1652 5479 1769 5550 spurce
1785 5478 1989 5548 ciaon-tuerat,
2011 5484 2042 5533 ot
2062 5477 2156 5547 colligi
2174 5486 2267 5553 potsse
2279 5499 2317 5544 η
2330 5485 2389 5546 τ..

395 5564 812 5628 siaflsmsmulriolialibre
830 5564 1372 5636 mansuariorum·-
1419 5561 1700 5624 audatior-lu.
1716 5562 1795 5623 cil.
1820 5562 2389 5639 Amushcoipsomoqnntmm

393 5652 634 5730 suasum
673 5652 815 5714 mlle
839 5652 877 5709 de
901 5651 1040 5709 &mn
1059 5650 1181 5711 rum
1200 5648 1372 5709 cradoeibur
1418 5645 2347 5725 mumfflolfflmmmu

2009 5735 2090 5817 lb*
