<?xml version="1.0" encoding="UTF-8"?>
<!DOCTYPE html PUBLIC "-//W3C//DTD XHTML 1.0 Transitional//EN"
    "http://www.w3.org/TR/xhtml1/DTD/xhtml1-transitional.dtd">
<html xmlns="http://www.w3.org/1999/xhtml" xml:lang="en" lang="en">
 <head>
  <title>
</title>
<meta http-equiv="Content-Type" content="text/html;charset=utf-8" />
  <meta name='ocr-system' content='tesseract 3.04.00' />
  <meta name='ocr-capabilities' content='ocr_page ocr_carea ocr_par ocr_line ocrx_word'/>
</head>
<body>
  <div class='ocr_page' id='page_1' title='image "./imperatoriscaes00weicgoog_0165.png"; bbox 0 0 5717 6575; ppageno 0'>
   <div class='ocr_carea' id='block_1_1' title="bbox 922 660 2354 760">
    <p class='ocr_par' dir='ltr' id='par_1_1' title="bbox 922 660 2354 760">
     <span class='ocr_line' id='line_1_1' title="bbox 922 660 2354 760; baseline -0.006 -13"><span class='ocrx_word' id='word_1_1' title='bbox 922 670 1173 760; x_wconf 70' lang='lat' dir='ltr'>aristone,</span> <span class='ocrx_word' id='word_1_2' title='bbox 1195 670 1448 747; x_wconf 79' lang='lat' dir='ltr'>CODlCthlS</span> <span class='ocrx_word' id='word_1_3' title='bbox 1468 668 1530 745; x_wconf 84' lang='grc' dir='ltr'>ΕΤ</span> <span class='ocrx_word' id='word_1_4' title='bbox 1551 670 1769 745; x_wconf 70' lang='lat' dir='ltr'>brunonis.</span> <span class='ocrx_word' id='word_1_5' title='bbox 2283 660 2354 738; x_wconf 82' lang='grc' dir='ltr'>ΙΙΙ</span> 
     </span>
    </p>
   </div>
   <div class='ocr_carea' id='block_1_2' title="bbox 410 853 2469 4885">
    <p class='ocr_par' dir='ltr' id='par_1_2' title="bbox 410 853 2357 1559">
     <span class='ocr_line' id='line_1_2' title="bbox 410 853 2356 966; baseline -0.001 -27"><span class='ocrx_word' id='word_1_6' title='bbox 410 888 474 939; x_wconf 83' lang='lat' dir='ltr'>ers</span> <span class='ocrx_word' id='word_1_7' title='bbox 496 864 541 938; x_wconf 88' lang='lat' dir='ltr'>ab</span> <span class='ocrx_word' id='word_1_8' title='bbox 560 853 678 937; x_wconf 81' lang='lat' dir='ltr'>&#39;altera</span> <span class='ocrx_word' id='word_1_9' title='bbox 703 865 796 937; x_wconf 86' lang='lat' dir='ltr'>velut</span> <span class='ocrx_word' id='word_1_10' title='bbox 823 870 906 964; x_wconf 88' lang='lat' dir='ltr'>apta</span> <span class='ocrx_word' id='word_1_11' title='bbox 934 864 1052 939; x_wconf 81' lang='lat' dir='ltr'>fuisse</span> <span class='ocrx_word' id='word_1_12' title='bbox 1086 865 1323 966; x_wconf 71' lang='lat' dir='ltr'>intelligatur,</span> <span class='ocrx_word' id='word_1_13' title='bbox 1355 865 1462 938; x_wconf 89' lang='lat' dir='ltr'>simul</span> <span class='ocrx_word' id='word_1_14' title='bbox 1491 863 1640 955; x_wconf 85' lang='lat' dir='ltr'>indicet,</span> <span class='ocrx_word' id='word_1_15' title='bbox 1677 869 1866 962; x_wconf 89' lang='lat' dir='ltr'>utrumque</span> <span class='ocrx_word' id='word_1_16' title='bbox 1895 886 1966 936; x_wconf 91' lang='lat' dir='ltr'>non</span> <span class='ocrx_word' id='word_1_17' title='bbox 1994 862 2063 937; x_wconf 85' lang='lat' dir='ltr'>nisi</span> <span class='ocrx_word' id='word_1_18' title='bbox 2087 863 2195 939; x_wconf 89' lang='lat' dir='ltr'>semel</span> <span class='ocrx_word' id='word_1_19' title='bbox 2220 861 2356 937; x_wconf 83' lang='lat' dir='ltr'>sactum</span> 
     </span>
     <span class='ocr_line' id='line_1_3' title="bbox 410 980 2356 1083; baseline -0.001 -24"><span class='ocrx_word' id='word_1_20' title='bbox 410 1008 443 1059; x_wconf 80' lang='lat' dir='ltr'>te</span> <span class='ocrx_word' id='word_1_21' title='bbox 465 1009 584 1083; x_wconf 87' lang='lat' dir='ltr'>nequa</span> <span class='ocrx_word' id='word_1_22' title='bbox 609 1007 780 1081; x_wconf 91' lang='lat' dir='ltr'>umquam</span> <span class='ocrx_word' id='word_1_23' title='bbox 803 984 1003 1083; x_wconf 88' lang='lat' dir='ltr'>repetitum.</span> <span class='ocrx_word' id='word_1_24' title='bbox 1053 984 1109 1057; x_wconf 89' lang='lat' dir='ltr'>Ac</span> <span class='ocrx_word' id='word_1_25' title='bbox 1135 1007 1222 1058; x_wconf 87' lang='lat' dir='ltr'>sanc</span> <span class='ocrx_word' id='word_1_26' title='bbox 1247 1008 1370 1058; x_wconf 89' lang='lat' dir='ltr'>rerum</span> <span class='ocrx_word' id='word_1_27' title='bbox 1403 989 1540 1057; x_wconf 88' lang='lat' dir='ltr'>tantum</span> <span class='ocrx_word' id='word_1_28' title='bbox 1573 1005 1733 1057; x_wconf 86' lang='lat' dir='ltr'>summae</span> <span class='ocrx_word' id='word_1_29' title='bbox 1761 980 1942 1080; x_wconf 76' lang='lat' dir='ltr'><strong>angustiae</strong></span> <span class='ocrx_word' id='word_1_30' title='bbox 1967 987 2005 1054; x_wconf 92' lang='lat' dir='ltr'>et</span> <span class='ocrx_word' id='word_1_31' title='bbox 2026 982 2261 1083; x_wconf 78' lang='lat' dir='ltr'><strong>periculorum</strong></span> <span class='ocrx_word' id='word_1_32' title='bbox 2286 1007 2356 1056; x_wconf 88' lang='lat' dir='ltr'>un·</span> 
     </span>
     <span class='ocr_line' id='line_1_4' title="bbox 410 1099 2357 1204; baseline -0.001 -27"><span class='ocrx_word' id='word_1_33' title='bbox 410 1128 469 1204; x_wconf 78' lang='lat' dir='ltr'>pne</span> <span class='ocrx_word' id='word_1_34' title='bbox 496 1111 572 1176; x_wconf 92' lang='lat' dir='ltr'>tum</span> <span class='ocrx_word' id='word_1_35' title='bbox 602 1103 858 1176; x_wconf 90' lang='lat' dir='ltr'>imminentium</span> <span class='ocrx_word' id='word_1_36' title='bbox 885 1105 996 1176; x_wconf 87' lang='lat' dir='ltr'>moles</span> <span class='ocrx_word' id='word_1_37' title='bbox 1022 1106 1223 1203; x_wconf 86' lang='lat' dir='ltr'>Augustum</span> <span class='ocrx_word' id='word_1_38' title='bbox 1256 1126 1462 1200; x_wconf 81' lang='lat' dir='ltr'>permovere</span> <span class='ocrx_word' id='word_1_39' title='bbox 1491 1109 1528 1176; x_wconf 90' lang='lat' dir='ltr'>et</span> <span class='ocrx_word' id='word_1_40' title='bbox 1554 1101 1735 1200; x_wconf 77' lang='lat' dir='ltr'>impellere</span> <span class='ocrx_word' id='word_1_41' title='bbox 1763 1105 1938 1199; x_wconf 87' lang='lat' dir='ltr'>poterant,</span> <span class='ocrx_word' id='word_1_42' title='bbox 1960 1107 2001 1172; x_wconf 91' lang='lat' dir='ltr'>ut</span> <span class='ocrx_word' id='word_1_43' title='bbox 2025 1124 2077 1194; x_wconf 86' lang='lat' dir='ltr'>se,</span> <span class='ocrx_word' id='word_1_44' title='bbox 2102 1099 2188 1175; x_wconf 92' lang='lat' dir='ltr'>dum</span> <span class='ocrx_word' id='word_1_45' title='bbox 2207 1126 2357 1204; x_wconf 83' lang='lat' dir='ltr'>peregre</span> 
     </span>
     <span class='ocr_line' id='line_1_5' title="bbox 410 1216 2357 1320; baseline 0 -26"><span class='ocrx_word' id='word_1_46' title='bbox 410 1230 450 1315; x_wconf 82' lang='lat' dir='ltr'>et,</span> <span class='ocrx_word' id='word_1_47' title='bbox 476 1222 594 1320; x_wconf 88' lang='lat' dir='ltr'>aliqua</span> <span class='ocrx_word' id='word_1_48' title='bbox 615 1223 791 1319; x_wconf 89' lang='lat' dir='ltr'>potentiae</span> <span class='ocrx_word' id='word_1_49' title='bbox 816 1227 852 1294; x_wconf 91' lang='lat' dir='ltr'>et</span> <span class='ocrx_word' id='word_1_50' title='bbox 878 1222 1069 1320; x_wconf 72' lang='lat' dir='ltr'>maiestatis</span> <span class='ocrx_word' id='word_1_51' title='bbox 1095 1244 1181 1295; x_wconf 87' lang='lat' dir='ltr'>suae</span> <span class='ocrx_word' id='word_1_52' title='bbox 1206 1228 1307 1319; x_wconf 89' lang='lat' dir='ltr'>parte</span> <span class='ocrx_word' id='word_1_53' title='bbox 1327 1227 1475 1293; x_wconf 85' lang='lat' dir='ltr'>exueret</span> <span class='ocrx_word' id='word_1_54' title='bbox 1500 1244 1648 1318; x_wconf 88' lang='lat' dir='ltr'>eamque</span> <span class='ocrx_word' id='word_1_55' title='bbox 1672 1216 1886 1319; x_wconf 81' lang='lat' dir='ltr'>aliquamdiu</span> <span class='ocrx_word' id='word_1_56' title='bbox 1908 1243 1988 1292; x_wconf 90' lang='lat' dir='ltr'>cum</span> <span class='ocrx_word' id='word_1_57' title='bbox 2012 1219 2132 1292; x_wconf 89' lang='lat' dir='ltr'>amicis</span> <span class='ocrx_word' id='word_1_58' title='bbox 2157 1222 2357 1295; x_wconf 89' lang='lat' dir='ltr'>communi·</span> 
     </span>
     <span class='ocr_line' id='line_1_6' title="bbox 410 1334 2354 1441; baseline -0.001 -26"><span class='ocrx_word' id='word_1_59' title='bbox 410 1347 481 1435; x_wconf 86' lang='lat' dir='ltr'>ret,</span> <span class='ocrx_word' id='word_1_60' title='bbox 511 1341 719 1441; x_wconf 81' lang='lat' dir='ltr'>praesertim</span> <span class='ocrx_word' id='word_1_61' title='bbox 741 1362 822 1412; x_wconf 92' lang='lat' dir='ltr'>cum</span> <span class='ocrx_word' id='word_1_62' title='bbox 847 1364 913 1438; x_wconf 89' lang='lat' dir='ltr'>per</span> <span class='ocrx_word' id='word_1_63' title='bbox 935 1338 1020 1414; x_wconf 91' lang='lat' dir='ltr'>belli</span> <span class='ocrx_word' id='word_1_64' title='bbox 1042 1342 1081 1413; x_wconf 89' lang='lat' dir='ltr'>in</span> <span class='ocrx_word' id='word_1_65' title='bbox 1105 1340 1194 1412; x_wconf 81' lang='lat' dir='ltr'>Asia</span> <span class='ocrx_word' id='word_1_66' title='bbox 1216 1345 1255 1412; x_wconf 91' lang='lat' dir='ltr'>et</span> <span class='ocrx_word' id='word_1_67' title='bbox 1283 1341 1453 1440; x_wconf 85' lang='lat' dir='ltr'>Aegypto</span> <span class='ocrx_word' id='word_1_68' title='bbox 1485 1336 1632 1440; x_wconf 88' lang='lat' dir='ltr'>gerendi</span> <span class='ocrx_word' id='word_1_69' title='bbox 1661 1338 1910 1412; x_wconf 86' lang='lat' dir='ltr'>necessitatem</span> <span class='ocrx_word' id='word_1_70' title='bbox 1935 1362 1975 1412; x_wconf 88' lang='lat' dir='ltr'>se</span> <span class='ocrx_word' id='word_1_71' title='bbox 2001 1334 2134 1413; x_wconf 88' lang='lat' dir='ltr'>diutius</span> <span class='ocrx_word' id='word_1_72' title='bbox 2158 1345 2193 1412; x_wconf 90' lang='lat' dir='ltr'>et</span> <span class='ocrx_word' id='word_1_73' title='bbox 2214 1341 2354 1441; x_wconf 86' lang='lat' dir='ltr'>longius</span> 
     </span>
     <span class='ocr_line' id='line_1_7' title="bbox 410 1455 1235 1559; baseline -0.002 -25"><span class='ocrx_word' id='word_1_74' title='bbox 410 1457 460 1534; x_wconf 88' lang='lat' dir='ltr'>bc</span> <span class='ocrx_word' id='word_1_75' title='bbox 485 1468 520 1533; x_wconf 92' lang='lat' dir='ltr'>et</span> <span class='ocrx_word' id='word_1_76' title='bbox 544 1457 647 1531; x_wconf 88' lang='lat' dir='ltr'>Italia</span> <span class='ocrx_word' id='word_1_77' title='bbox 672 1455 873 1531; x_wconf 87' lang='lat' dir='ltr'>abluturum</span> <span class='ocrx_word' id='word_1_78' title='bbox 894 1456 1235 1559; x_wconf 77' lang='lat' dir='ltr'>essepraeridcret.</span> 
     </span>
    </p>

    <p class='ocr_par' dir='ltr' id='par_1_3' title="bbox 410 1572 2370 1795">
     <span class='ocr_line' id='line_1_8' title="bbox 511 1572 2356 1677; baseline 0.002 -26"><span class='ocrx_word' id='word_1_79' title='bbox 511 1578 577 1651; x_wconf 84' lang='lat' dir='ltr'>liis</span> <span class='ocrx_word' id='word_1_80' title='bbox 601 1576 795 1651; x_wconf 84' lang='lat' dir='ltr'>rationibus</span> <span class='ocrx_word' id='word_1_81' title='bbox 817 1575 988 1672; x_wconf 89' lang='lat' dir='ltr'>adducor,</span> <span class='ocrx_word' id='word_1_82' title='bbox 1011 1586 1054 1651; x_wconf 88' lang='lat' dir='ltr'>nt</span> <span class='ocrx_word' id='word_1_83' title='bbox 1075 1577 1227 1651; x_wconf 87' lang='lat' dir='ltr'>Plinium</span> <span class='ocrx_word' id='word_1_84' title='bbox 1251 1572 1297 1649; x_wconf 90' lang='lat' dir='ltr'>de</span> <span class='ocrx_word' id='word_1_85' title='bbox 1322 1572 1487 1649; x_wconf 87' lang='lat' dir='ltr'>omnibus</span> <span class='ocrx_word' id='word_1_86' title='bbox 1509 1576 1707 1676; x_wconf 88' lang='lat' dir='ltr'>loquentem</span> <span class='ocrx_word' id='word_1_87' title='bbox 1726 1573 2015 1650; x_wconf 85' lang='lat' dir='ltr'>haltiscivilihus</span> <span class='ocrx_word' id='word_1_88' title='bbox 2038 1600 2165 1677; x_wconf 88' lang='lat' dir='ltr'>parum</span> <span class='ocrx_word' id='word_1_89' title='bbox 2198 1588 2356 1654; x_wconf 85' lang='lat' dir='ltr'>accurata</span> 
     </span>
     <span class='ocr_line' id='line_1_9' title="bbox 410 1695 2370 1795; baseline -0.004 -23"><span class='ocrx_word' id='word_1_90' title='bbox 410 1720 437 1771; x_wconf 89' lang='lat' dir='ltr'>n</span> <span class='ocrx_word' id='word_1_91' title='bbox 454 1703 575 1772; x_wconf 89' lang='lat' dir='ltr'>notam</span> <span class='ocrx_word' id='word_1_92' title='bbox 598 1702 633 1768; x_wconf 89' lang='lat' dir='ltr'>et</span> <span class='ocrx_word' id='word_1_93' title='bbox 657 1695 832 1795; x_wconf 82' lang='lat' dir='ltr'>insignem</span> <span class='ocrx_word' id='word_1_94' title='bbox 854 1697 1017 1770; x_wconf 88' lang='lat' dir='ltr'>retulisse</span> <span class='ocrx_word' id='word_1_95' title='bbox 1039 1696 1250 1769; x_wconf 74' lang='lat' dir='ltr'>existimem.</span> <span class='ocrx_word' id='word_1_96' title='bbox 2368 1774 2370 1779; x_wconf 48' lang='grc'>,</span> 
     </span>
    </p>

    <p class='ocr_par' dir='ltr' id='par_1_4' title="bbox 410 1808 2469 4885">
     <span class='ocr_line' id='line_1_10' title="bbox 513 1808 2356 1914; baseline 0.001 -25"><span class='ocrx_word' id='word_1_97' title='bbox 513 1813 749 1889; x_wconf 87' lang='lat' dir='ltr'>Redeundum</span> <span class='ocrx_word' id='word_1_98' title='bbox 767 1818 845 1913; x_wconf 87' lang='lat' dir='ltr'>jem</span> <span class='ocrx_word' id='word_1_99' title='bbox 868 1819 921 1888; x_wconf 91' lang='lat' dir='ltr'>est</span> <span class='ocrx_word' id='word_1_100' title='bbox 942 1813 987 1887; x_wconf 94' lang='lat' dir='ltr'>ad</span> <span class='ocrx_word' id='word_1_101' title='bbox 1010 1815 1090 1887; x_wconf 90' lang='lat' dir='ltr'>illos</span> <span class='ocrx_word' id='word_1_102' title='bbox 1114 1811 1220 1886; x_wconf 86' lang='lat' dir='ltr'>Atiae</span> <span class='ocrx_word' id='word_1_103' title='bbox 1242 1813 1367 1888; x_wconf 85' lang='lat' dir='ltr'>matris</span> <span class='ocrx_word' id='word_1_104' title='bbox 1399 1813 1542 1908; x_wconf 87' lang='lat' dir='ltr'>anulos,</span> <span class='ocrx_word' id='word_1_105' title='bbox 1578 1811 1708 1913; x_wconf 89' lang='lat' dir='ltr'>quihus</span> <span class='ocrx_word' id='word_1_106' title='bbox 1730 1808 1899 1913; x_wconf 78' lang='lat' dir='ltr'>Sphingis</span> <span class='ocrx_word' id='word_1_107' title='bbox 1926 1813 2118 1914; x_wconf 81' lang='lat' dir='ltr'>imaginem</span> <span class='ocrx_word' id='word_1_108' title='bbox 2147 1812 2356 1890; x_wconf 80' lang='lat' dir='ltr'>indiscretae</span> 
     </span>
     <span class='ocr_line' id='line_1_11' title="bbox 410 1928 2355 2033; baseline -0.001 -25"><span class='ocrx_word' id='word_1_109' title='bbox 410 1932 599 2009; x_wconf 87' lang='lat' dir='ltr'>nititudinis</span> <span class='ocrx_word' id='word_1_110' title='bbox 621 1934 835 2033; x_wconf 82' lang='lat' dir='ltr'>insculptam</span> <span class='ocrx_word' id='word_1_111' title='bbox 859 1932 968 2007; x_wconf 87' lang='lat' dir='ltr'>luisse</span> <span class='ocrx_word' id='word_1_112' title='bbox 991 1933 1127 2007; x_wconf 88' lang='lat' dir='ltr'>Plinius</span> <span class='ocrx_word' id='word_1_113' title='bbox 1150 1938 1280 2004; x_wconf 89' lang='lat' dir='ltr'>narrat.</span> <span class='ocrx_word' id='word_1_114' title='bbox 1332 1928 1434 2029; x_wconf 78' lang='lat' dir='ltr'>Quos</span> <span class='ocrx_word' id='word_1_115' title='bbox 1460 1934 1583 2005; x_wconf 87' lang='lat' dir='ltr'>anulos</span> <span class='ocrx_word' id='word_1_116' title='bbox 1616 1940 1763 2031; x_wconf 89' lang='lat' dir='ltr'>ectypos</span> <span class='ocrx_word' id='word_1_117' title='bbox 1795 1929 1892 2005; x_wconf 88' lang='lat' dir='ltr'>unda</span> <span class='ocrx_word' id='word_1_118' title='bbox 1924 1932 2008 2006; x_wconf 87' lang='lat' dir='ltr'>Atia</span> <span class='ocrx_word' id='word_1_119' title='bbox 2042 1933 2217 2031; x_wconf 84' lang='lat' dir='ltr'>acceperit</span> <span class='ocrx_word' id='word_1_120' title='bbox 2252 1955 2355 2008; x_wconf 61' lang='lat' dir='ltr'>acce</span> 
     </span>
     <span class='ocr_line' id='line_1_12' title="bbox 410 2045 2357 2153; baseline 0.001 -27"><span class='ocrx_word' id='word_1_121' title='bbox 410 2076 509 2153; x_wconf 70' lang='lat' dir='ltr'>isque</span> <span class='ocrx_word' id='word_1_122' title='bbox 524 2076 586 2125; x_wconf 93' lang='lat' dir='ltr'>cur</span> <span class='ocrx_word' id='word_1_123' title='bbox 608 2054 703 2125; x_wconf 87' lang='lat' dir='ltr'>velut</span> <span class='ocrx_word' id='word_1_124' title='bbox 724 2052 863 2153; x_wconf 90' lang='lat' dir='ltr'>insigne</span> <span class='ocrx_word' id='word_1_125' title='bbox 884 2076 925 2125; x_wconf 87' lang='lat' dir='ltr'>ae</span> <span class='ocrx_word' id='word_1_126' title='bbox 949 2052 1141 2150; x_wconf 90' lang='lat' dir='ltr'>pretiosum</span> <span class='ocrx_word' id='word_1_127' title='bbox 1159 2049 1275 2149; x_wconf 88' lang='lat' dir='ltr'>gentis</span> <span class='ocrx_word' id='word_1_128' title='bbox 1296 2072 1383 2122; x_wconf 88' lang='lat' dir='ltr'>suae</span> <span class='ocrx_word' id='word_1_129' title='bbox 1405 2045 1596 2146; x_wconf 80' lang='grc' dir='ltr'><strong><em>κειμήλιον</em></strong></span> <span class='ocrx_word' id='word_1_130' title='bbox 1620 2050 1819 2143; x_wconf 83' lang='lat' dir='ltr'>servaverit,</span> <span class='ocrx_word' id='word_1_131' title='bbox 1842 2074 2011 2151; x_wconf 86' lang='lat' dir='ltr'>quaerere</span> <span class='ocrx_word' id='word_1_132' title='bbox 2026 2049 2082 2123; x_wconf 89' lang='lat' dir='ltr'>hic</span> <span class='ocrx_word' id='word_1_133' title='bbox 2099 2074 2212 2150; x_wconf 87' lang='lat' dir='ltr'>aeque</span> <span class='ocrx_word' id='word_1_134' title='bbox 2227 2075 2357 2153; x_wconf 89' lang='lat' dir='ltr'>super-</span> 
     </span>
     <span class='ocr_line' id='line_1_13' title="bbox 410 2166 2355 2272; baseline 0.001 -26"><span class='ocrx_word' id='word_1_135' title='bbox 410 2169 466 2246; x_wconf 90' lang='lat' dir='ltr'>leo</span> <span class='ocrx_word' id='word_1_136' title='bbox 493 2178 598 2270; x_wconf 90' lang='lat' dir='ltr'>atque</span> <span class='ocrx_word' id='word_1_137' title='bbox 624 2170 865 2272; x_wconf 87' lang='lat' dir='ltr'>investigare,</span> <span class='ocrx_word' id='word_1_138' title='bbox 896 2168 984 2242; x_wconf 91' lang='lat' dir='ltr'>illud</span> <span class='ocrx_word' id='word_1_139' title='bbox 1014 2169 1304 2269; x_wconf 88' lang='lat' dir='ltr'>aposphragisma</span> <span class='ocrx_word' id='word_1_140' title='bbox 1328 2166 1573 2241; x_wconf 87' lang='lat' dir='ltr'>exbibuaritne</span> <span class='ocrx_word' id='word_1_141' title='bbox 1596 2166 1793 2268; x_wconf 86' lang='lat' dir='ltr'>Sphingem</span> <span class='ocrx_word' id='word_1_142' title='bbox 1817 2168 2037 2269; x_wconf 83' lang='lat' dir='ltr'>Aegyptiam</span> <span class='ocrx_word' id='word_1_143' title='bbox 2065 2192 2111 2242; x_wconf 84' lang='lat' dir='ltr'>an</span> <span class='ocrx_word' id='word_1_144' title='bbox 2133 2168 2355 2249; x_wconf 73' lang='lat' dir='ltr'>Thebanam</span> 
     </span>
     <span class='ocr_line' id='line_1_14' title="bbox 410 2284 2356 2389; baseline 0.002 -30"><span class='ocrx_word' id='word_1_145' title='bbox 410 2315 434 2365; x_wconf 66' lang='lat' dir='ltr'>tc</span> <span class='ocrx_word' id='word_1_146' title='bbox 457 2291 607 2363; x_wconf 90' lang='lat' dir='ltr'>multum</span> <span class='ocrx_word' id='word_1_147' title='bbox 637 2287 762 2384; x_wconf 88' lang='lat' dir='ltr'>relert,</span> <span class='ocrx_word' id='word_1_148' title='bbox 792 2297 909 2362; x_wconf 92' lang='lat' dir='ltr'>utram</span> <span class='ocrx_word' id='word_1_149' title='bbox 933 2289 988 2362; x_wconf 90' lang='lat' dir='ltr'>hic</span> <span class='ocrx_word' id='word_1_150' title='bbox 1011 2287 1259 2388; x_wconf 86' lang='lat' dir='ltr'>intelligamus.</span> <span class='ocrx_word' id='word_1_151' title='bbox 1310 2284 1482 2386; x_wconf 89' lang='lat' dir='ltr'>Sphingis</span> <span class='ocrx_word' id='word_1_152' title='bbox 1515 2294 1625 2385; x_wconf 81' lang='lat' dir='ltr'>typus</span> <span class='ocrx_word' id='word_1_153' title='bbox 1662 2287 1800 2361; x_wconf 87' lang='lat' dir='ltr'>tametsi</span> <span class='ocrx_word' id='word_1_154' title='bbox 1837 2286 1934 2386; x_wconf 88' lang='lat' dir='ltr'>apud</span> <span class='ocrx_word' id='word_1_155' title='bbox 1963 2294 2154 2385; x_wconf 89' lang='lat' dir='ltr'>utrumque</span> <span class='ocrx_word' id='word_1_156' title='bbox 2184 2293 2356 2389; x_wconf 91' lang='lat' dir='ltr'>populum</span> 
     </span>
     <span class='ocr_line' id='line_1_15' title="bbox 410 2403 2355 2509; baseline 0 -26"><span class='ocrx_word' id='word_1_157' title='bbox 410 2434 436 2483; x_wconf 83' lang='lat' dir='ltr'>e</span> <span class='ocrx_word' id='word_1_158' title='bbox 457 2408 656 2483; x_wconf 88' lang='lat' dir='ltr'>communis</span> <span class='ocrx_word' id='word_1_159' title='bbox 683 2406 799 2480; x_wconf 86' lang='lat' dir='ltr'>catab</span> <span class='ocrx_word' id='word_1_160' title='bbox 825 2408 922 2481; x_wconf 92' lang='lat' dir='ltr'>initio</span> <span class='ocrx_word' id='word_1_161' title='bbox 946 2432 1012 2481; x_wconf 90' lang='lat' dir='ltr'>nec</span> <span class='ocrx_word' id='word_1_162' title='bbox 1036 2430 1251 2507; x_wconf 87' lang='lat' dir='ltr'>magnopere</span> <span class='ocrx_word' id='word_1_163' title='bbox 1273 2403 1408 2503; x_wconf 77' lang='lat' dir='ltr'>dispare</span> <span class='ocrx_word' id='word_1_164' title='bbox 1434 2403 1483 2480; x_wconf 82' lang='lat' dir='ltr'>of.</span> <span class='ocrx_word' id='word_1_165' title='bbox 1506 2403 1820 2479; x_wconf 87' lang='lat' dir='ltr'>Winekelmannus</span> <span class='ocrx_word' id='word_1_166' title='bbox 1845 2404 1941 2505; x_wconf 89' lang='lat' dir='ltr'>Opp.</span> <span class='ocrx_word' id='word_1_167' title='bbox 1964 2405 2044 2484; x_wconf 82' lang='lat' dir='ltr'>vol.</span> <span class='ocrx_word' id='word_1_168' title='bbox 2059 2406 2130 2482; x_wconf 92' lang='grc' dir='ltr'>ΠΙ.</span> <span class='ocrx_word' id='word_1_169' title='bbox 2152 2433 2188 2506; x_wconf 89' lang='lat' dir='ltr'>p.</span> <span class='ocrx_word' id='word_1_170' title='bbox 2206 2411 2282 2485; x_wconf 79' lang='grc'>329</span> <span class='ocrx_word' id='word_1_171' title='bbox 2298 2434 2355 2509; x_wconf 87' lang='lat' dir='ltr'>sq.</span> 
     </span>
     <span class='ocr_line' id='line_1_16' title="bbox 415 2514 2356 2624; baseline -0.001 -20"><span class='ocrx_word' id='word_1_172' title='bbox 415 2514 584 2604; x_wconf 75' lang='lat' dir='ltr'>Grcuzeri</span> <span class='ocrx_word' id='word_1_173' title='bbox 609 2525 733 2620; x_wconf 92' lang='lat' dir='ltr'>Symh.</span> <span class='ocrx_word' id='word_1_174' title='bbox 760 2534 797 2599; x_wconf 89' lang='lat' dir='ltr'>et</span> <span class='ocrx_word' id='word_1_175' title='bbox 820 2525 968 2621; x_wconf 86' lang='lat' dir='ltr'>lllythol.</span> <span class='ocrx_word' id='word_1_176' title='bbox 986 2526 1026 2599; x_wconf 90' lang='lat' dir='ltr'>P.</span> <span class='ocrx_word' id='word_1_177' title='bbox 1049 2525 1079 2599; x_wconf 91' lang='grc' dir='ltr'>Ι.</span> <span class='ocrx_word' id='word_1_178' title='bbox 1098 2550 1135 2623; x_wconf 92' lang='lat' dir='ltr'>p.</span> <span class='ocrx_word' id='word_1_179' title='bbox 1153 2528 1241 2602; x_wconf 80' lang='grc'><strong>496.</strong></span> <span class='ocrx_word' id='word_1_180' title='bbox 1260 2548 1357 2624; x_wconf 85' lang='lat' dir='ltr'>sqq.;</span> <span class='ocrx_word' id='word_1_181' title='bbox 1381 2530 1498 2597; x_wconf 87' lang='lat' dir='ltr'>lamen</span> <span class='ocrx_word' id='word_1_182' title='bbox 1520 2531 1679 2624; x_wconf 87' lang='lat' dir='ltr'>tempore</span> <span class='ocrx_word' id='word_1_183' title='bbox 1703 2522 1916 2624; x_wconf 78' lang='lat' dir='ltr'>procedente</span> <span class='ocrx_word' id='word_1_184' title='bbox 1940 2522 2078 2599; x_wconf 86' lang='lat' dir='ltr'>diversa</span> <span class='ocrx_word' id='word_1_185' title='bbox 2100 2522 2214 2599; x_wconf 88' lang='lat' dir='ltr'>lorma</span> <span class='ocrx_word' id='word_1_186' title='bbox 2237 2524 2356 2611; x_wconf 86' lang='lat' dir='ltr'>direr-</span> 
     </span>
     <span class='ocr_line' id='line_1_17' title="bbox 410 2638 2469 2749; baseline 0.002 -31"><span class='ocrx_word' id='word_1_187' title='bbox 410 2669 479 2748; x_wconf 88' lang='lat' dir='ltr'>qne</span> <span class='ocrx_word' id='word_1_188' title='bbox 505 2645 729 2744; x_wconf 88' lang='lat' dir='ltr'>potissimum</span> <span class='ocrx_word' id='word_1_189' title='bbox 758 2644 934 2719; x_wconf 90' lang='lat' dir='ltr'>attributis</span> <span class='ocrx_word' id='word_1_190' title='bbox 960 2668 1156 2744; x_wconf 81' lang='lat' dir='ltr'>expressus</span> <span class='ocrx_word' id='word_1_191' title='bbox 1179 2644 1435 2738; x_wconf 79' lang='lat' dir='ltr'>internarum,</span> <span class='ocrx_word' id='word_1_192' title='bbox 1466 2641 1676 2737; x_wconf 87' lang='lat' dir='ltr'>insularum,</span> <span class='ocrx_word' id='word_1_193' title='bbox 1703 2642 1867 2737; x_wconf 90' lang='lat' dir='ltr'>urbium,</span> <span class='ocrx_word' id='word_1_194' title='bbox 1890 2643 2047 2745; x_wconf 90' lang='lat' dir='ltr'>gentium</span> <span class='ocrx_word' id='word_1_195' title='bbox 2067 2644 2356 2749; x_wconf 84' lang='lat' dir='ltr'>singularumque</span> <span class='ocrx_word' id='word_1_196' title='bbox 2466 2638 2469 2645; x_wconf 45' lang='lat'>¹</span> 
     </span>
     <span class='ocr_line' id='line_1_18' title="bbox 410 2760 2354 2863; baseline 0.001 -26"><span class='ocrx_word' id='word_1_197' title='bbox 410 2764 571 2837; x_wconf 86' lang='lat' dir='ltr'>niliarum</span> <span class='ocrx_word' id='word_1_198' title='bbox 595 2764 722 2837; x_wconf 88' lang='lat' dir='ltr'>Numis</span> <span class='ocrx_word' id='word_1_199' title='bbox 747 2764 937 2858; x_wconf 89' lang='lat' dir='ltr'>invenitur,</span> <span class='ocrx_word' id='word_1_200' title='bbox 964 2789 1053 2863; x_wconf 89' lang='lat' dir='ltr'>quos</span> <span class='ocrx_word' id='word_1_201' title='bbox 1077 2769 1239 2837; x_wconf 87' lang='lat' dir='ltr'>recenset</span> <span class='ocrx_word' id='word_1_202' title='bbox 1259 2761 1433 2836; x_wconf 88' lang='lat' dir='ltr'>Rascbius</span> <span class='ocrx_word' id='word_1_203' title='bbox 1457 2761 1494 2833; x_wconf 90' lang='lat' dir='ltr'>in</span> <span class='ocrx_word' id='word_1_204' title='bbox 1519 2761 1644 2837; x_wconf 87' lang='lat' dir='ltr'>Lexio.</span> <span class='ocrx_word' id='word_1_205' title='bbox 1671 2761 1846 2836; x_wconf 88' lang='lat' dir='ltr'>Numism.</span> <span class='ocrx_word' id='word_1_206' title='bbox 1873 2760 1953 2836; x_wconf 81' lang='lat' dir='ltr'>Vol.</span> <span class='ocrx_word' id='word_1_207' title='bbox 1976 2760 2031 2837; x_wconf 87' lang='lat' dir='ltr'>IV</span> <span class='ocrx_word' id='word_1_208' title='bbox 2032 2815 2043 2836; x_wconf 91' lang='lat'>.</span> <span class='ocrx_word' id='word_1_209' title='bbox 2068 2762 2111 2836; x_wconf 89' lang='lat' dir='ltr'>P.</span> <span class='ocrx_word' id='word_1_210' title='bbox 2139 2765 2175 2836; x_wconf 91' lang='grc'>2.</span> <span class='ocrx_word' id='word_1_211' title='bbox 2198 2789 2233 2863; x_wconf 89' lang='lat' dir='ltr'>p.</span> <span class='ocrx_word' id='word_1_212' title='bbox 2255 2770 2354 2841; x_wconf 73' lang='lat'>1442</span> 
     </span>
     <span class='ocr_line' id='line_1_19' title="bbox 410 2880 2354 2983; baseline 0.002 -27"><span class='ocrx_word' id='word_1_213' title='bbox 410 2906 435 2983; x_wconf 79' lang='lat' dir='ltr'>q.</span> <span class='ocrx_word' id='word_1_214' title='bbox 465 2890 500 2956; x_wconf 90' lang='lat' dir='ltr'>et</span> <span class='ocrx_word' id='word_1_215' title='bbox 531 2882 698 2955; x_wconf 87' lang='lat' dir='ltr'>Greuzeri</span> <span class='ocrx_word' id='word_1_216' title='bbox 730 2880 856 2977; x_wconf 91' lang='lat' dir='ltr'>Symh.</span> <span class='ocrx_word' id='word_1_217' title='bbox 888 2889 924 2954; x_wconf 90' lang='lat' dir='ltr'>ct</span> <span class='ocrx_word' id='word_1_218' title='bbox 951 2881 1100 2977; x_wconf 89' lang='lat' dir='ltr'>Mythol.</span> <span class='ocrx_word' id='word_1_219' title='bbox 1133 2883 1155 2955; x_wconf 93' lang='grc'>1.</span> <span class='ocrx_word' id='word_1_220' title='bbox 1186 2906 1216 2956; x_wconf 89' lang='lat' dir='ltr'>e.</span> <span class='ocrx_word' id='word_1_221' title='bbox 1246 2908 1283 2980; x_wconf 91' lang='lat' dir='ltr'>p.</span> <span class='ocrx_word' id='word_1_222' title='bbox 1308 2885 1385 2958; x_wconf 83' lang='grc'>498</span> <span class='ocrx_word' id='word_1_223' title='bbox 1417 2906 1472 2981; x_wconf 91' lang='lat' dir='ltr'>sq.</span> <span class='ocrx_word' id='word_1_224' title='bbox 1490 2881 1539 2977; x_wconf 88' lang='lat'>⁷).</span> <span class='ocrx_word' id='word_1_225' title='bbox 1590 2881 1633 2955; x_wconf 92' lang='lat' dir='ltr'>In</span> <span class='ocrx_word' id='word_1_226' title='bbox 1664 2880 1812 2981; x_wconf 88' lang='lat' dir='ltr'>gemmis</span> <span class='ocrx_word' id='word_1_227' title='bbox 1843 2881 1984 2981; x_wconf 89' lang='lat' dir='ltr'>saepius</span> <span class='ocrx_word' id='word_1_228' title='bbox 2017 2889 2072 2956; x_wconf 87' lang='lat' dir='ltr'>eat</span> <span class='ocrx_word' id='word_1_229' title='bbox 2104 2881 2209 2955; x_wconf 84' lang='lat' dir='ltr'>obvia</span> <span class='ocrx_word' id='word_1_230' title='bbox 2235 2881 2354 2959; x_wconf 82' lang='lat' dir='ltr'>Grae-</span> 
     </span>
     <span class='ocr_line' id='line_1_20' title="bbox 410 2993 2354 3101; baseline 0.001 -26"><span class='ocrx_word' id='word_1_231' title='bbox 410 3026 479 3075; x_wconf 84' lang='lat' dir='ltr'>um</span> <span class='ocrx_word' id='word_1_232' title='bbox 503 3001 562 3072; x_wconf 86' lang='lat' dir='ltr'>illa</span> <span class='ocrx_word' id='word_1_233' title='bbox 585 2993 791 3097; x_wconf 79' lang='grc' dir='ltr'><strong><em>πτερόεσσα</em></strong></span> <span class='ocrx_word' id='word_1_234' title='bbox 817 2996 926 3097; x_wconf 75' lang='grc' dir='ltr'><strong><em>κόρα,</em></strong></span> <span class='ocrx_word' id='word_1_235' title='bbox 951 3006 994 3072; x_wconf 93' lang='lat' dir='ltr'>ut</span> <span class='ocrx_word' id='word_1_236' title='bbox 1016 2999 1144 3074; x_wconf 87' lang='lat' dir='ltr'>docent</span> <span class='ocrx_word' id='word_1_237' title='bbox 1164 2998 1357 3099; x_wconf 88' lang='lat' dir='ltr'>Lippertns</span> <span class='ocrx_word' id='word_1_238' title='bbox 1386 3000 1525 3095; x_wconf 85' lang='lat' dir='ltr'>Dactyl.</span> <span class='ocrx_word' id='word_1_239' title='bbox 1551 2999 1639 3075; x_wconf 90' lang='lat' dir='ltr'>Mill.</span> <span class='ocrx_word' id='word_1_240' title='bbox 1659 3000 1693 3075; x_wconf 89' lang='grc' dir='ltr'>Ι.</span> <span class='ocrx_word' id='word_1_241' title='bbox 1727 2999 1772 3074; x_wconf 88' lang='grc' dir='ltr'>Ν.</span> <span class='ocrx_word' id='word_1_242' title='bbox 1808 3003 1885 3077; x_wconf 81' lang='grc'>916</span> <span class='ocrx_word' id='word_1_243' title='bbox 1916 3024 1993 3101; x_wconf 84' lang='lat' dir='ltr'>sqq.</span> <span class='ocrx_word' id='word_1_244' title='bbox 2015 3006 2052 3073; x_wconf 86' lang='lat' dir='ltr'>et</span> <span class='ocrx_word' id='word_1_245' title='bbox 2081 2996 2151 3075; x_wconf 94' lang='lat' dir='ltr'>0d.</span> <span class='ocrx_word' id='word_1_246' title='bbox 2180 2999 2354 3078; x_wconf 87' lang='lat' dir='ltr'>Mlillerus</span> 
     </span>
     <span class='ocr_line' id='line_1_21' title="bbox 410 3116 2356 3220; baseline 0 -25"><span class='ocrx_word' id='word_1_247' title='bbox 410 3119 540 3195; x_wconf 87' lang='lat' dir='ltr'>chacol.</span> <span class='ocrx_word' id='word_1_248' title='bbox 568 3128 598 3208; x_wconf 85' lang='lat'>§.</span> <span class='ocrx_word' id='word_1_249' title='bbox 623 3124 712 3193; x_wconf 81' lang='grc'><strong>412.</strong></span> <span class='ocrx_word' id='word_1_250' title='bbox 738 3124 774 3193; x_wconf 90' lang='grc'>3.</span> <span class='ocrx_word' id='word_1_251' title='bbox 829 3118 1022 3218; x_wconf 85' lang='lat' dir='ltr'>Utriusque</span> <span class='ocrx_word' id='word_1_252' title='bbox 1055 3118 1228 3219; x_wconf 84' lang='lat' dir='ltr'>Sphingis</span> <span class='ocrx_word' id='word_1_253' title='bbox 1264 3116 1400 3219; x_wconf 87' lang='lat' dir='ltr'>ligura,</span> <span class='ocrx_word' id='word_1_254' title='bbox 1433 3116 1578 3192; x_wconf 81' lang='lat' dir='ltr'>docente</span> <span class='ocrx_word' id='word_1_255' title='bbox 1610 3119 1761 3195; x_wconf 81' lang='lat' dir='ltr'>Rasclio</span> <span class='ocrx_word' id='word_1_256' title='bbox 1796 3120 1821 3192; x_wconf 94' lang='lat' dir='ltr'>l.</span> <span class='ocrx_word' id='word_1_257' title='bbox 1853 3144 1883 3195; x_wconf 87' lang='lat' dir='ltr'>c.</span> <span class='ocrx_word' id='word_1_258' title='bbox 1912 3144 1951 3219; x_wconf 91' lang='lat' dir='ltr'>p.·</span> <span class='ocrx_word' id='word_1_259' title='bbox 1979 3121 2083 3195; x_wconf 76' lang='lat'>1448</span> <span class='ocrx_word' id='word_1_260' title='bbox 2112 3144 2191 3219; x_wconf 86' lang='lat' dir='ltr'>sqq.</span> <span class='ocrx_word' id='word_1_261' title='bbox 2197 3167 2211 3203; x_wconf 88' lang='lat'>,</span> <span class='ocrx_word' id='word_1_262' title='bbox 2246 3144 2356 3220; x_wconf 87' lang='lat' dir='ltr'>prac-</span> 
     </span>
     <span class='ocr_line' id='line_1_22' title="bbox 410 3234 2354 3337; baseline 0 -23"><span class='ocrx_word' id='word_1_263' title='bbox 410 3262 461 3314; x_wconf 80' lang='lat' dir='ltr'>ue</span> <span class='ocrx_word' id='word_1_264' title='bbox 483 3238 608 3317; x_wconf 83' lang='lat' dir='ltr'>visitur</span> <span class='ocrx_word' id='word_1_265' title='bbox 633 3236 672 3310; x_wconf 89' lang='lat' dir='ltr'>in</span> <span class='ocrx_word' id='word_1_266' title='bbox 694 3236 848 3336; x_wconf 81' lang='lat' dir='ltr'>Augusti</span> <span class='ocrx_word' id='word_1_267' title='bbox 873 3236 1019 3333; x_wconf 89' lang='lat' dir='ltr'>Numis,</span> <span class='ocrx_word' id='word_1_268' title='bbox 1052 3262 1205 3337; x_wconf 87' lang='lat' dir='ltr'>quorum</span> <span class='ocrx_word' id='word_1_269' title='bbox 1225 3236 1440 3337; x_wconf 80' lang='lat' dir='ltr'>Aegyptiam</span> <span class='ocrx_word' id='word_1_270' title='bbox 1462 3238 1523 3335; x_wconf 90' lang='lat' dir='ltr'>qui</span> <span class='ocrx_word' id='word_1_271' title='bbox 1550 3244 1832 3336; x_wconf 79' lang='lat' dir='ltr'>repraesentant,</span> <span class='ocrx_word' id='word_1_272' title='bbox 1864 3234 2040 3313; x_wconf 91' lang='lat' dir='ltr'>relerendi</span> <span class='ocrx_word' id='word_1_273' title='bbox 2054 3234 2219 3313; x_wconf 86' lang='lat' dir='ltr'>-lortosse</span> <span class='ocrx_word' id='word_1_274' title='bbox 2249 3250 2354 3316; x_wconf 86' lang='lat' dir='ltr'>erunt</span> 
     </span>
     <span class='ocr_line' id='line_1_23' title="bbox 427 3345 2351 3460; baseline 0 -26"><span class='ocrx_word' id='word_1_275' title='bbox 427 3359 637 3460; x_wconf 87' lang='lat' dir='ltr'>Aegyptum</span> <span class='ocrx_word' id='word_1_276' title='bbox 663 3353 854 3448; x_wconf 81' lang='lat' dir='ltr'>devictam3</span> <span class='ocrx_word' id='word_1_277' title='bbox 887 3358 948 3455; x_wconf 90' lang='lat' dir='ltr'>qui</span> <span class='ocrx_word' id='word_1_278' title='bbox 975 3364 1093 3430; x_wconf 88' lang='lat' dir='ltr'>autem</span> <span class='ocrx_word' id='word_1_279' title='bbox 1122 3356 1334 3430; x_wconf 84' lang='lat' dir='ltr'>Thebanam</span> <span class='ocrx_word' id='word_1_280' title='bbox 1363 3354 1571 3451; x_wconf 90' lang='lat' dir='ltr'>ostendunt,</span> <span class='ocrx_word' id='word_1_281' title='bbox 1605 3345 1668 3431; x_wconf 88' lang='lat' dir='ltr'>ens</span> <span class='ocrx_word' id='word_1_282' title='bbox 1697 3358 1826 3430; x_wconf 83' lang='lat' dir='ltr'>rectius</span> <span class='ocrx_word' id='word_1_283' title='bbox 1859 3355 1904 3431; x_wconf 87' lang='lat' dir='ltr'>ad</span> <span class='ocrx_word' id='word_1_284' title='bbox 1931 3357 2035 3430; x_wconf 85' lang='lat' dir='ltr'>Atiae</span> <span class='ocrx_word' id='word_1_285' title='bbox 2062 3358 2185 3435; x_wconf 87' lang='lat' dir='ltr'>matris</span> <span class='ocrx_word' id='word_1_286' title='bbox 2214 3363 2351 3457; x_wconf 84' lang='lat' dir='ltr'>anulos,</span> 
     </span>
     <span class='ocr_line' id='line_1_24' title="bbox 410 3459 2353 3579; baseline 0.001 -28"><span class='ocrx_word' id='word_1_287' title='bbox 410 3459 613 3579; x_wconf 86' lang='lat' dir='ltr'>bingisque,</span> <span class='ocrx_word' id='word_1_288' title='bbox 650 3500 718 3574; x_wconf 88' lang='lat' dir='ltr'>qua</span> <span class='ocrx_word' id='word_1_289' title='bbox 746 3476 900 3574; x_wconf 90' lang='lat' dir='ltr'>primum</span> <span class='ocrx_word' id='word_1_290' title='bbox 932 3475 991 3548; x_wconf 89' lang='lat' dir='ltr'>ille</span> <span class='ocrx_word' id='word_1_291' title='bbox 1024 3477 1235 3575; x_wconf 87' lang='lat' dir='ltr'>signaverit,</span> <span class='ocrx_word' id='word_1_292' title='bbox 1273 3473 1563 3575; x_wconf 85' lang='lat' dir='ltr'>aposphragisma</span> <span class='ocrx_word' id='word_1_293' title='bbox 1593 3473 1787 3549; x_wconf 85' lang='lat' dir='ltr'>revocabis.</span> <span class='ocrx_word' id='word_1_294' title='bbox 1844 3475 1983 3549; x_wconf 89' lang='lat' dir='ltr'>Nemini</span> <span class='ocrx_word' id='word_1_295' title='bbox 2016 3482 2148 3570; x_wconf 85' lang='lat' dir='ltr'>antem,</span> <span class='ocrx_word' id='word_1_296' title='bbox 2181 3478 2240 3576; x_wconf 91' lang='lat' dir='ltr'>qui</span> <span class='ocrx_word' id='word_1_297' title='bbox 2270 3481 2353 3552; x_wconf 87' lang='lat' dir='ltr'>Au-</span> 
     </span>
     <span class='ocr_line' id='line_1_25' title="bbox 410 3592 2353 3694; baseline 0 -23"><span class='ocrx_word' id='word_1_298' title='bbox 410 3603 500 3671; x_wconf 83' lang='lat' dir='ltr'>stum</span> <span class='ocrx_word' id='word_1_299' title='bbox 523 3595 672 3688; x_wconf 86' lang='lat' dir='ltr'>novarit,</span> <span class='ocrx_word' id='word_1_300' title='bbox 698 3592 845 3666; x_wconf 90' lang='lat' dir='ltr'>dubium</span> <span class='ocrx_word' id='word_1_301' title='bbox 872 3594 938 3667; x_wconf 88' lang='lat' dir='ltr'>crit</span> <span class='ocrx_word' id='word_1_302' title='bbox 962 3594 1047 3693; x_wconf 91' lang='lat' dir='ltr'>quin</span> <span class='ocrx_word' id='word_1_303' title='bbox 1067 3601 1229 3667; x_wconf 86' lang='lat' dir='ltr'>versutus</span> <span class='ocrx_word' id='word_1_304' title='bbox 1252 3595 1311 3667; x_wconf 89' lang='lat' dir='ltr'>ille</span> <span class='ocrx_word' id='word_1_305' title='bbox 1340 3593 1443 3666; x_wconf 91' lang='lat' dir='ltr'>homo</span> <span class='ocrx_word' id='word_1_306' title='bbox 1460 3594 1553 3666; x_wconf 90' lang='lat' dir='ltr'>inter</span> <span class='ocrx_word' id='word_1_307' title='bbox 1566 3593 1663 3667; x_wconf 90' lang='lat' dir='ltr'>initia</span> <span class='ocrx_word' id='word_1_308' title='bbox 1677 3594 1820 3693; x_wconf 88' lang='lat' dir='ltr'>imperii</span> <span class='ocrx_word' id='word_1_309' title='bbox 1835 3594 1917 3668; x_wconf 93' lang='lat' dir='ltr'>huic</span> <span class='ocrx_word' id='word_1_310' title='bbox 1932 3592 2086 3694; x_wconf 90' lang='lat' dir='ltr'>Sphingi</span> <span class='ocrx_word' id='word_1_311' title='bbox 2103 3595 2237 3668; x_wconf 89' lang='lat' dir='ltr'>anulari</span> <span class='ocrx_word' id='word_1_312' title='bbox 2251 3621 2353 3694; x_wconf 89' lang='lat' dir='ltr'>sym·</span> 
     </span>
     <span class='ocr_line' id='line_1_26' title="bbox 410 3711 2352 3815; baseline 0.001 -26"><span class='ocrx_word' id='word_1_313' title='bbox 410 3715 511 3789; x_wconf 82' lang='lat' dir='ltr'>bourn</span> <span class='ocrx_word' id='word_1_314' title='bbox 532 3712 721 3813; x_wconf 88' lang='lat' dir='ltr'>quemdam</span> <span class='ocrx_word' id='word_1_315' title='bbox 747 3738 892 3786; x_wconf 88' lang='lat' dir='ltr'>sensum</span> <span class='ocrx_word' id='word_1_316' title='bbox 918 3712 1105 3810; x_wconf 84' lang='lat' dir='ltr'>subjecerit</span> <span class='ocrx_word' id='word_1_317' title='bbox 1129 3736 1279 3810; x_wconf 89' lang='lat' dir='ltr'>eamque</span> <span class='ocrx_word' id='word_1_318' title='bbox 1306 3711 1419 3784; x_wconf 85' lang='lat' dir='ltr'>aciem</span> <span class='ocrx_word' id='word_1_319' title='bbox 1446 3714 1639 3811; x_wconf 88' lang='lat' dir='ltr'>volensque</span> <span class='ocrx_word' id='word_1_320' title='bbox 1666 3712 1711 3785; x_wconf 88' lang='lat' dir='ltr'>ad</span> <span class='ocrx_word' id='word_1_321' title='bbox 1737 3712 1947 3815; x_wconf 85' lang='lat' dir='ltr'>signandum</span> <span class='ocrx_word' id='word_1_322' title='bbox 1962 3716 2155 3812; x_wconf 82' lang='lat' dir='ltr'>rrsurparit,</span> <span class='ocrx_word' id='word_1_323' title='bbox 2180 3740 2250 3815; x_wconf 90' lang='lat' dir='ltr'>quo</span> <span class='ocrx_word' id='word_1_324' title='bbox 2272 3717 2352 3790; x_wconf 83' lang='lat' dir='ltr'>for·</span> 
     </span>
     <span class='ocr_line' id='line_1_27' title="bbox 410 3830 2351 3932; baseline 0 -24"><span class='ocrx_word' id='word_1_325' title='bbox 410 3859 428 3908; x_wconf 91' lang='lat' dir='ltr'>s</span> <span class='ocrx_word' id='word_1_326' title='bbox 460 3833 700 3908; x_wconf 89' lang='lat' dir='ltr'>Romanorum</span> <span class='ocrx_word' id='word_1_327' title='bbox 732 3834 865 3905; x_wconf 87' lang='lat' dir='ltr'>animos</span> <span class='ocrx_word' id='word_1_328' title='bbox 895 3855 1016 3904; x_wconf 79' lang='lat' dir='ltr'>renam</span> <span class='ocrx_word' id='word_1_329' title='bbox 1046 3831 1245 3905; x_wconf 78' lang='lat' dir='ltr'>futurarum</span> <span class='ocrx_word' id='word_1_330' title='bbox 1273 3838 1385 3903; x_wconf 87' lang='lat' dir='ltr'>metu-</span> <span class='ocrx_word' id='word_1_331' title='bbox 1409 3831 1588 3904; x_wconf 87' lang='lat' dir='ltr'>territaret</span> <span class='ocrx_word' id='word_1_332' title='bbox 1618 3839 1739 3932; x_wconf 88' lang='lat' dir='ltr'>atquc·</span> <span class='ocrx_word' id='word_1_333' title='bbox 1756 3833 1915 3932; x_wconf 88' lang='lat' dir='ltr'>agitaret.</span> <span class='ocrx_word' id='word_1_334' title='bbox 1973 3830 2126 3906; x_wconf 87' lang='lat' dir='ltr'>Exstant</span> <span class='ocrx_word' id='word_1_335' title='bbox 2158 3834 2285 3929; x_wconf 83' lang='lat' dir='ltr'>Numi,</span> <span class='ocrx_word' id='word_1_336' title='bbox 2314 3836 2351 3908; x_wconf 92' lang='lat' dir='ltr'>in</span> 
     </span>
     <span class='ocr_line' id='line_1_28' title="bbox 410 3950 2351 4054; baseline 0 -29"><span class='ocrx_word' id='word_1_337' title='bbox 410 3951 483 4026; x_wconf 75' lang='lat' dir='ltr'>llius</span> <span class='ocrx_word' id='word_1_338' title='bbox 507 3951 653 4025; x_wconf 86' lang='lat' dir='ltr'>adversa</span> <span class='ocrx_word' id='word_1_339' title='bbox 677 3959 779 4051; x_wconf 90' lang='lat' dir='ltr'>parte</span> <span class='ocrx_word' id='word_1_340' title='bbox 804 3958 907 4050; x_wconf 88' lang='lat' dir='ltr'>caput</span> <span class='ocrx_word' id='word_1_341' title='bbox 931 3950 1087 4050; x_wconf 88' lang='lat' dir='ltr'>Augusti</span> <span class='ocrx_word' id='word_1_342' title='bbox 1112 3955 1314 4023; x_wconf 87' lang='lat' dir='ltr'>coronatum</span> <span class='ocrx_word' id='word_1_343' title='bbox 1341 3973 1419 4022; x_wconf 89' lang='lat' dir='ltr'>cum</span> <span class='ocrx_word' id='word_1_344' title='bbox 1444 3973 1551 4021; x_wconf 91' lang='lat' dir='ltr'>manu</span> <span class='ocrx_word' id='word_1_345' title='bbox 1574 3973 1749 4049; x_wconf 87' lang='lat' dir='ltr'>expansa,</span> <span class='ocrx_word' id='word_1_346' title='bbox 1776 3975 1900 4024; x_wconf 81' lang='lat' dir='ltr'>arama</span> <span class='ocrx_word' id='word_1_347' title='bbox 1923 3958 2023 4050; x_wconf 88' lang='lat' dir='ltr'>parte</span> <span class='ocrx_word' id='word_1_348' title='bbox 2048 3950 2219 4054; x_wconf 87' lang='lat' dir='ltr'>Sphingis</span> <span class='ocrx_word' id='word_1_349' title='bbox 2241 3952 2351 4053; x_wconf 81' lang='lat' dir='ltr'>virgi-</span> 
     </span>
     <span class='ocr_line' id='line_1_29' title="bbox 410 4067 2349 4171; baseline -0.001 -25"><span class='ocrx_word' id='word_1_350' title='bbox 410 4095 444 4146; x_wconf 82' lang='lat' dir='ltr'>re</span> <span class='ocrx_word' id='word_1_351' title='bbox 468 4079 503 4145; x_wconf 87' lang='lat' dir='ltr'>at</span> <span class='ocrx_word' id='word_1_352' title='bbox 528 4074 638 4143; x_wconf 88' lang='lat' dir='ltr'>alatae</span> <span class='ocrx_word' id='word_1_353' title='bbox 669 4094 835 4170; x_wconf 87' lang='lat' dir='ltr'>germana</span> <span class='ocrx_word' id='word_1_354' title='bbox 867 4068 1023 4168; x_wconf 82' lang='lat' dir='ltr'>effigies,</span> <span class='ocrx_word' id='word_1_355' title='bbox 1062 4067 1180 4141; x_wconf 83' lang='lat' dir='ltr'>addita</span> <span class='ocrx_word' id='word_1_356' title='bbox 1210 4069 1333 4163; x_wconf 88' lang='lat' dir='ltr'>stella,</span> <span class='ocrx_word' id='word_1_357' title='bbox 1365 4068 1588 4167; x_wconf 87' lang='lat' dir='ltr'>conspicitur.</span> <span class='ocrx_word' id='word_1_358' title='bbox 1647 4067 1863 4168; x_wconf 85' lang='lat' dir='ltr'>Hujusmodi</span> <span class='ocrx_word' id='word_1_359' title='bbox 1895 4068 2070 4164; x_wconf 84' lang='lat' dir='ltr'>Numam,</span> <span class='ocrx_word' id='word_1_360' title='bbox 2099 4072 2137 4152; x_wconf 90' lang='lat' dir='ltr'>in</span> <span class='ocrx_word' id='word_1_361' title='bbox 2168 4095 2238 4171; x_wconf 89' lang='lat' dir='ltr'>quo</span> <span class='ocrx_word' id='word_1_362' title='bbox 2268 4069 2349 4145; x_wconf 72' lang='grc' dir='ltr'>ΙΙ.</span> 
     </span>
     <span class='ocr_line' id='line_1_30' title="bbox 410 4184 2349 4288; baseline 0.001 -25"><span class='ocrx_word' id='word_1_363' title='bbox 410 4193 438 4264; x_wconf 88' lang='lat' dir='ltr'>l.</span> <span class='ocrx_word' id='word_1_364' title='bbox 474 4190 565 4262; x_wconf 87' lang='lat' dir='ltr'>illius</span> <span class='ocrx_word' id='word_1_365' title='bbox 598 4188 770 4288; x_wconf 87' lang='lat' dir='ltr'>Sphingis</span> <span class='ocrx_word' id='word_1_366' title='bbox 799 4187 956 4259; x_wconf 87' lang='lat' dir='ltr'>anularis</span> <span class='ocrx_word' id='word_1_367' title='bbox 987 4184 1200 4282; x_wconf 77' lang='grc' dir='ltr'><em>ἀρχέτυπον</em></span> <span class='ocrx_word' id='word_1_368' title='bbox 1239 4194 1480 4288; x_wconf 83' lang='lat' dir='ltr'>agnoverunt,</span> <span class='ocrx_word' id='word_1_369' title='bbox 1528 4186 1711 4261; x_wconf 88' lang='lat' dir='ltr'>ediderunt</span> <span class='ocrx_word' id='word_1_370' title='bbox 1742 4188 1776 4265; x_wconf 85' lang='lat' dir='ltr'>J.</span> <span class='ocrx_word' id='word_1_371' title='bbox 1807 4187 1995 4263; x_wconf 85' lang='lat' dir='ltr'>Tristanus</span> <span class='ocrx_word' id='word_1_372' title='bbox 2026 4189 2065 4262; x_wconf 92' lang='lat' dir='ltr'>in</span> <span class='ocrx_word' id='word_1_373' title='bbox 2100 4188 2349 4266; x_wconf 84' lang='lat' dir='ltr'>Commentair.</span> 
     </span>
     <span class='ocr_line' id='line_1_31' title="bbox 410 4304 2348 4408; baseline 0 -24"><span class='ocrx_word' id='word_1_374' title='bbox 410 4308 525 4407; x_wconf 84' lang='lat' dir='ltr'>storiq.</span> <span class='ocrx_word' id='word_1_375' title='bbox 550 4308 613 4380; x_wconf 91' lang='lat' dir='ltr'>des</span> <span class='ocrx_word' id='word_1_376' title='bbox 636 4306 852 4403; x_wconf 86' lang='lat' dir='ltr'>Empercurs</span> <span class='ocrx_word' id='word_1_377' title='bbox 876 4305 992 4378; x_wconf 82' lang='lat' dir='ltr'>Tum·</span> <span class='ocrx_word' id='word_1_378' title='bbox 1010 4311 1044 4379; x_wconf 93' lang='grc' dir='ltr'>Ι.</span> <span class='ocrx_word' id='word_1_379' title='bbox 1071 4329 1110 4402; x_wconf 91' lang='lat' dir='ltr'>p.</span> <span class='ocrx_word' id='word_1_380' title='bbox 1132 4307 1195 4381; x_wconf 75' lang='lat' dir='ltr'>aa.</span> <span class='ocrx_word' id='word_1_381' title='bbox 1220 4314 1258 4379; x_wconf 92' lang='lat' dir='ltr'>et</span> <span class='ocrx_word' id='word_1_382' title='bbox 1283 4305 1522 4404; x_wconf 85' lang='lat' dir='ltr'>Spanhcmius</span> <span class='ocrx_word' id='word_1_383' title='bbox 1560 4304 1605 4379; x_wconf 93' lang='lat' dir='ltr'>de</span> <span class='ocrx_word' id='word_1_384' title='bbox 1629 4305 1691 4379; x_wconf 88' lang='lat' dir='ltr'>Us.</span> <span class='ocrx_word' id='word_1_385' title='bbox 1723 4315 1759 4380; x_wconf 91' lang='lat' dir='ltr'>ct</span> <span class='ocrx_word' id='word_1_386' title='bbox 1783 4308 1844 4382; x_wconf 87' lang='lat' dir='ltr'>Pr.</span> <span class='ocrx_word' id='word_1_387' title='bbox 1870 4307 2042 4381; x_wconf 82' lang='lat' dir='ltr'>Narniam.</span> <span class='ocrx_word' id='word_1_388' title='bbox 2067 4308 2218 4391; x_wconf 84' lang='lat' dir='ltr'>Dissert.</span> <span class='ocrx_word' id='word_1_389' title='bbox 2239 4307 2286 4383; x_wconf 84' lang='lat' dir='ltr'>V.</span> <span class='ocrx_word' id='word_1_390' title='bbox 2310 4334 2348 4408; x_wconf 94' lang='lat' dir='ltr'>p.</span> 
     </span>
     <span class='ocr_line' id='line_1_32' title="bbox 410 4421 2347 4526; baseline -0.001 -23"><span class='ocrx_word' id='word_1_391' title='bbox 410 4427 617 4526; x_wconf 80' lang='lat' dir='ltr'>5.,qui1›us</span> <span class='ocrx_word' id='word_1_392' title='bbox 642 4424 728 4499; x_wconf 87' lang='lat' dir='ltr'>Seb.</span> <span class='ocrx_word' id='word_1_393' title='bbox 754 4423 916 4496; x_wconf 86' lang='lat' dir='ltr'>Erizzum</span> <span class='ocrx_word' id='word_1_394' title='bbox 941 4421 1206 4497; x_wconf 87' lang='lat' dir='ltr'>Dichiaraziooc</span> <span class='ocrx_word' id='word_1_395' title='bbox 1237 4423 1274 4495; x_wconf 90' lang='lat' dir='ltr'>di</span> <span class='ocrx_word' id='word_1_396' title='bbox 1309 4423 1483 4524; x_wconf 87' lang='lat' dir='ltr'>modaglic</span> <span class='ocrx_word' id='word_1_397' title='bbox 1513 4424 1651 4498; x_wconf 85' lang='lat' dir='ltr'>antiche</span> <span class='ocrx_word' id='word_1_398' title='bbox 1685 4425 1822 4498; x_wconf 91' lang='lat' dir='ltr'>P.-IlI.</span> <span class='ocrx_word' id='word_1_399' title='bbox 1855 4451 1894 4524; x_wconf 91' lang='lat' dir='ltr'>p.</span> <span class='ocrx_word' id='word_1_400' title='bbox 1925 4431 2011 4500; x_wconf 88' lang='grc' dir='ltr'><strong>ΙΙΙ.</strong></span> <span class='ocrx_word' id='word_1_401' title='bbox 2044 4426 2187 4520; x_wconf 80' lang='lat' dir='ltr'>(Venet.</span> <span class='ocrx_word' id='word_1_402' title='bbox 2218 4430 2347 4520; x_wconf 76' lang='lat'>1571.)</span> 
     </span>
     <span class='ocr_line' id='line_1_33' title="bbox 410 4541 2348 4644; baseline -0.001 -25"><span class='ocrx_word' id='word_1_403' title='bbox 410 4545 450 4620; x_wconf 91' lang='lat' dir='ltr'>lit</span> <span class='ocrx_word' id='word_1_404' title='bbox 472 4544 655 4619; x_wconf 84' lang='lat' dir='ltr'>Fabricius</span> <span class='ocrx_word' id='word_1_405' title='bbox 680 4542 725 4617; x_wconf 87' lang='lat' dir='ltr'>ad</span> <span class='ocrx_word' id='word_1_406' title='bbox 750 4543 857 4615; x_wconf 87' lang='lat' dir='ltr'>Dion.</span> <span class='ocrx_word' id='word_1_407' title='bbox 884 4543 986 4616; x_wconf 87' lang='lat' dir='ltr'>Cass.</span> <span class='ocrx_word' id='word_1_408' title='bbox 1012 4541 1109 4615; x_wconf 90' lang='lat' dir='ltr'>Lihr.</span> <span class='ocrx_word' id='word_1_409' title='bbox 1134 4541 1195 4615; x_wconf 86' lang='lat' dir='ltr'>LI.</span> <span class='ocrx_word' id='word_1_410' title='bbox 1224 4567 1254 4615; x_wconf 90' lang='lat' dir='ltr'>e.</span> <span class='ocrx_word' id='word_1_411' title='bbox 1279 4547 1314 4616; x_wconf 86' lang='lat'>3.</span> <span class='ocrx_word' id='word_1_412' title='bbox 1338 4542 1384 4620; x_wconf 92' lang='lat' dir='ltr'>N.</span> <span class='ocrx_word' id='word_1_413' title='bbox 1412 4545 1473 4615; x_wconf 85' lang='lat'>25.</span> <span class='ocrx_word' id='word_1_414' title='bbox 1524 4541 1612 4614; x_wconf 89' lang='lat' dir='ltr'>Allis</span> <span class='ocrx_word' id='word_1_415' title='bbox 1645 4543 1681 4614; x_wconf 93' lang='lat' dir='ltr'>in</span> <span class='ocrx_word' id='word_1_416' title='bbox 1704 4541 1831 4616; x_wconf 89' lang='lat' dir='ltr'>Numis</span> <span class='ocrx_word' id='word_1_417' title='bbox 1861 4544 1942 4641; x_wconf 84' lang='lat' dir='ltr'>ipsa</span> <span class='ocrx_word' id='word_1_418' title='bbox 1967 4542 2109 4641; x_wconf 84' lang='lat' dir='ltr'>Sphinx</span> <span class='ocrx_word' id='word_1_419' title='bbox 2134 4544 2171 4615; x_wconf 92' lang='lat' dir='ltr'>in</span> <span class='ocrx_word' id='word_1_420' title='bbox 2194 4546 2348 4644; x_wconf 85' lang='lat' dir='ltr'>Augusti</span> 
     </span>
     <span class='ocr_line' id='line_1_34' title="bbox 410 4655 2346 4761; baseline -0.002 -21"><span class='ocrx_word' id='word_1_421' title='bbox 410 4665 477 4740; x_wconf 74' lang='lat' dir='ltr'>titis</span> <span class='ocrx_word' id='word_1_422' title='bbox 498 4666 614 4739; x_wconf 83' lang='lat' dir='ltr'>locum</span> <span class='ocrx_word' id='word_1_423' title='bbox 639 4662 821 4756; x_wconf 87' lang='lat' dir='ltr'>successit,</span> <span class='ocrx_word' id='word_1_424' title='bbox 844 4668 884 4734; x_wconf 91' lang='lat' dir='ltr'>ut</span> <span class='ocrx_word' id='word_1_425' title='bbox 908 4657 1080 4759; x_wconf 87' lang='lat' dir='ltr'>ejusmodi</span> <span class='ocrx_word' id='word_1_426' title='bbox 1103 4659 1261 4734; x_wconf 89' lang='lat' dir='ltr'>Numum</span> <span class='ocrx_word' id='word_1_427' title='bbox 1283 4658 1470 4759; x_wconf 84' lang='lat' dir='ltr'>descripsit</span> <span class='ocrx_word' id='word_1_428' title='bbox 1494 4655 1684 4733; x_wconf 87' lang='lat' dir='ltr'>Eckheliua</span> <span class='ocrx_word' id='word_1_429' title='bbox 1708 4660 1747 4733; x_wconf 90' lang='lat' dir='ltr'>in</span> <span class='ocrx_word' id='word_1_430' title='bbox 1770 4660 1818 4735; x_wconf 85' lang='grc' dir='ltr'>Ι).</span> <span class='ocrx_word' id='word_1_431' title='bbox 1840 4658 1886 4735; x_wconf 93' lang='lat' dir='ltr'>N.</span> <span class='ocrx_word' id='word_1_432' title='bbox 1909 4659 1953 4734; x_wconf 90' lang='lat' dir='ltr'>P.</span> <span class='ocrx_word' id='word_1_433' title='bbox 1978 4665 2013 4735; x_wconf 91' lang='lat'>1.</span> <span class='ocrx_word' id='word_1_434' title='bbox 2037 4657 2116 4733; x_wconf 84' lang='lat' dir='ltr'>vot.</span> <span class='ocrx_word' id='word_1_435' title='bbox 2138 4666 2173 4737; x_wconf 87' lang='grc'>2.</span> <span class='ocrx_word' id='word_1_436' title='bbox 2200 4687 2238 4761; x_wconf 90' lang='lat' dir='ltr'>p.</span> <span class='ocrx_word' id='word_1_437' title='bbox 2257 4666 2346 4740; x_wconf 85' lang='lat'>567.</span> 
     </span>
     <span class='ocr_line' id='line_1_35' title="bbox 410 4775 2345 4885; baseline 0 -28"><span class='ocrx_word' id='word_1_438' title='bbox 410 4781 473 4880; x_wconf 85' lang='lat' dir='ltr'>id,</span> <span class='ocrx_word' id='word_1_439' title='bbox 513 4781 607 4885; x_wconf 90' lang='lat' dir='ltr'>quod</span> <span class='ocrx_word' id='word_1_440' title='bbox 640 4780 912 4880; x_wconf 87' lang='lat' dir='ltr'>Cynobellinus,</span> <span class='ocrx_word' id='word_1_441' title='bbox 948 4780 1159 4874; x_wconf 87' lang='lat' dir='ltr'>Britannus,</span> <span class='ocrx_word' id='word_1_442' title='bbox 1191 4778 1376 4853; x_wconf 82' lang='lat' dir='ltr'>Tenuantii</span> <span class='ocrx_word' id='word_1_443' title='bbox 1405 4776 1519 4875; x_wconf 88' lang='lat' dir='ltr'>lilius,</span> <span class='ocrx_word' id='word_1_444' title='bbox 1555 4777 1806 4854; x_wconf 80' lang='lat' dir='ltr'>Cassivellauni</span> <span class='ocrx_word' id='word_1_445' title='bbox 1837 4802 1970 4876; x_wconf 90' lang='lat' dir='ltr'>nepos,</span> <span class='ocrx_word' id='word_1_446' title='bbox 2001 4775 2135 4852; x_wconf 87' lang='lat' dir='ltr'>Romae</span> <span class='ocrx_word' id='word_1_447' title='bbox 2166 4778 2345 4879; x_wconf 86' lang='lat' dir='ltr'>educatus,</span> 
     </span>
    </p>
   </div>
   <div class='ocr_carea' id='block_1_3' title="bbox 410 5047 2345 5713">
    <p class='ocr_par' dir='ltr' id='par_1_5' title="bbox 410 5047 2345 5713">
     <span class='ocr_line' id='line_1_36' title="bbox 420 5047 2345 5125; baseline -0.001 -17"><span class='ocrx_word' id='word_1_448' title='bbox 420 5053 500 5125; x_wconf 70' lang='lat' dir='ltr'>7)1n</span> <span class='ocrx_word' id='word_1_449' title='bbox 516 5053 613 5108; x_wconf 82' lang='lat' dir='ltr'>Nomia</span> <span class='ocrx_word' id='word_1_450' title='bbox 631 5052 784 5107; x_wconf 84' lang='lat' dir='ltr'>autonomis</span> <span class='ocrx_word' id='word_1_451' title='bbox 802 5047 866 5106; x_wconf 84' lang='lat' dir='ltr'>Chii</span> <span class='ocrx_word' id='word_1_452' title='bbox 883 5050 989 5104; x_wconf 87' lang='lat' dir='ltr'>insulae</span> <span class='ocrx_word' id='word_1_453' title='bbox 1011 5050 1110 5104; x_wconf 82' lang='lat' dir='ltr'>visitor</span> <span class='ocrx_word' id='word_1_454' title='bbox 1127 5056 1204 5121; x_wconf 86' lang='lat' dir='ltr'>typos</span> <span class='ocrx_word' id='word_1_455' title='bbox 1222 5049 1326 5120; x_wconf 84' lang='lat' dir='ltr'>Sphin·</span> <span class='ocrx_word' id='word_1_456' title='bbox 1376 5067 1439 5105; x_wconf 88' lang='lat' dir='ltr'>nom</span> <span class='ocrx_word' id='word_1_457' title='bbox 1457 5053 1524 5120; x_wconf 77' lang='lat' dir='ltr'>Byr.</span> <span class='ocrx_word' id='word_1_458' title='bbox 1542 5068 1564 5105; x_wconf 87' lang='lat' dir='ltr'>s.</span> <span class='ocrx_word' id='word_1_459' title='bbox 1583 5068 1610 5106; x_wconf 83' lang='lat' dir='ltr'>v.</span> <span class='ocrx_word' id='word_1_460' title='bbox 1627 5048 1725 5118; x_wconf 73' lang='lat' dir='ltr'>lloylr</span> <span class='ocrx_word' id='word_1_461' title='bbox 1741 5067 1768 5117; x_wconf 84' lang='lat' dir='ltr'>p.</span> <span class='ocrx_word' id='word_1_462' title='bbox 1784 5048 1830 5117; x_wconf 83' lang='grc'>91,</span> <span class='ocrx_word' id='word_1_463' title='bbox 1845 5047 1890 5105; x_wconf 79' lang='lat' dir='ltr'>at.</span> <span class='ocrx_word' id='word_1_464' title='bbox 1901 5047 1952 5117; x_wconf 67' lang='lat' dir='ltr'>N„</span> <span class='ocrx_word' id='word_1_465' title='bbox 1969 5050 2056 5104; x_wconf 80' lang='lat' dir='ltr'>alters</span> <span class='ocrx_word' id='word_1_466' title='bbox 2072 5065 2136 5118; x_wconf 88' lang='lat' dir='ltr'>pars</span> <span class='ocrx_word' id='word_1_467' title='bbox 2153 5051 2283 5118; x_wconf 75' lang='lat' dir='ltr'>Sibyllam</span> <span class='ocrx_word' id='word_1_468' title='bbox 2300 5051 2345 5107; x_wconf 84' lang='lat' dir='ltr'>le-</span> 
     </span>
     <span class='ocr_line' id='line_1_37' title="bbox 411 5131 2344 5207; baseline -0.003 -14"><span class='ocrx_word' id='word_1_469' title='bbox 411 5147 467 5194; x_wconf 78' lang='lat' dir='ltr'>tam</span> <span class='ocrx_word' id='word_1_470' title='bbox 486 5139 568 5207; x_wconf 81' lang='lat' dir='ltr'>&#39;saepe</span> <span class='ocrx_word' id='word_1_471' title='bbox 585 5137 695 5205; x_wconf 86' lang='lat' dir='ltr'>obrius,</span> <span class='ocrx_word' id='word_1_472' title='bbox 721 5143 751 5189; x_wconf 89' lang='lat' dir='ltr'>nt</span> <span class='ocrx_word' id='word_1_473' title='bbox 775 5134 903 5189; x_wconf 88' lang='lat' dir='ltr'>Chiorum</span> <span class='ocrx_word' id='word_1_474' title='bbox 928 5134 1054 5204; x_wconf 86' lang='lat' dir='ltr'>proprius</span> <span class='ocrx_word' id='word_1_475' title='bbox 1078 5135 1164 5189; x_wconf 81' lang='lat' dir='ltr'>foisse</span> <span class='ocrx_word' id='word_1_476' title='bbox 1186 5135 1325 5205; x_wconf 84' lang='lat' dir='ltr'>rideatur,</span> <span class='ocrx_word' id='word_1_477' title='bbox 1376 5137 1410 5187; x_wconf 84' lang='lat' dir='ltr'>de</span> <span class='ocrx_word' id='word_1_478' title='bbox 1427 5135 1583 5202; x_wconf 70' lang='lat' dir='ltr'>cuondam,</span> <span class='ocrx_word' id='word_1_479' title='bbox 1601 5136 1687 5188; x_wconf 81' lang='lat' dir='ltr'>alters</span> <span class='ocrx_word' id='word_1_480' title='bbox 1704 5131 1853 5202; x_wconf 74' lang='lat' dir='ltr'>Sphingem</span> <span class='ocrx_word' id='word_1_481' title='bbox 1870 5136 2000 5188; x_wconf 84' lang='lat' dir='ltr'>ostendit:</span> <span class='ocrx_word' id='word_1_482' title='bbox 2019 5133 2344 5191; x_wconf 56' lang='lat' dir='ltr'>cohortarentur.</span> 
     </span>
     <span class='ocr_line' id='line_1_38' title="bbox 410 5217 2345 5289; baseline -0.002 -11"><span class='ocrx_word' id='word_1_483' title='bbox 410 5227 464 5278; x_wconf 84' lang='lat' dir='ltr'>tute</span> <span class='ocrx_word' id='word_1_484' title='bbox 481 5222 612 5278; x_wconf 76' lang='lat' dir='ltr'>lichbelio</span> <span class='ocrx_word' id='word_1_485' title='bbox 630 5224 665 5277; x_wconf 89' lang='lat' dir='ltr'>D.</span> <span class='ocrx_word' id='word_1_486' title='bbox 682 5222 718 5275; x_wconf 89' lang='lat' dir='ltr'>N.</span> <span class='ocrx_word' id='word_1_487' title='bbox 735 5221 769 5275; x_wconf 88' lang='lat' dir='ltr'>P.</span> <span class='ocrx_word' id='word_1_488' title='bbox 786 5221 806 5272; x_wconf 93' lang='grc' dir='ltr'><strong>Ι.</strong></span> <span class='ocrx_word' id='word_1_489' title='bbox 826 5220 886 5273; x_wconf 85' lang='lat' dir='ltr'>Vol.</span> <span class='ocrx_word' id='word_1_490' title='bbox 903 5220 936 5271; x_wconf 85' lang='lat' dir='ltr'>ll.</span> <span class='ocrx_word' id='word_1_491' title='bbox 963 5235 990 5286; x_wconf 88' lang='lat' dir='ltr'>p.</span> <span class='ocrx_word' id='word_1_492' title='bbox 1001 5218 1084 5285; x_wconf 63' lang='lat'>564„</span> <span class='ocrx_word' id='word_1_493' title='bbox 1107 5218 1155 5288; x_wconf 91' lang='lat' dir='ltr'>qni</span> <span class='ocrx_word' id='word_1_494' title='bbox 1178 5225 1325 5288; x_wconf 84' lang='lat' dir='ltr'>praeeunte</span> <span class='ocrx_word' id='word_1_495' title='bbox 1375 5221 1438 5276; x_wconf 82' lang='lat' dir='ltr'>Vol.</span> <span class='ocrx_word' id='word_1_496' title='bbox 1462 5221 1483 5275; x_wconf 92' lang='grc' dir='ltr'><strong>Ι.</strong></span> <span class='ocrx_word' id='word_1_497' title='bbox 1506 5237 1535 5289; x_wconf 88' lang='lat' dir='ltr'>p.</span> <span class='ocrx_word' id='word_1_498' title='bbox 1560 5219 1620 5273; x_wconf 67' lang='lat' dir='ltr'>m.</span> <span class='ocrx_word' id='word_1_499' title='bbox 1643 5218 1686 5271; x_wconf 88' lang='lat' dir='ltr'>ed·</span> <span class='ocrx_word' id='word_1_500' title='bbox 1711 5218 1790 5272; x_wconf 81' lang='lat' dir='ltr'>Harl.</span> <span class='ocrx_word' id='word_1_501' title='bbox 1823 5217 1921 5288; x_wconf 82' lang='lat' dir='ltr'>Neque</span> <span class='ocrx_word' id='word_1_502' title='bbox 1946 5217 2088 5272; x_wconf 85' lang='lat' dir='ltr'>obec&#39;urnm</span> <span class='ocrx_word' id='word_1_503' title='bbox 2115 5224 2170 5287; x_wconf 82' lang='lat' dir='ltr'>est,</span> <span class='ocrx_word' id='word_1_504' title='bbox 2191 5218 2287 5289; x_wconf 82' lang='lat' dir='ltr'>quihus</span> <span class='ocrx_word' id='word_1_505' title='bbox 2309 5222 2345 5275; x_wconf 86' lang='lat' dir='ltr'>da</span> 
     </span>
     <span class='ocr_line' id='line_1_39' title="bbox 410 5300 2345 5375; baseline -0.004 -13"><span class='ocrx_word' id='word_1_506' title='bbox 410 5307 518 5364; x_wconf 76' lang='lat' dir='ltr'>chemin</span> <span class='ocrx_word' id='word_1_507' title='bbox 537 5308 570 5360; x_wconf 84' lang='lat' dir='ltr'>de</span> <span class='ocrx_word' id='word_1_508' title='bbox 589 5307 636 5361; x_wconf 80' lang='lat' dir='ltr'>lis.</span> <span class='ocrx_word' id='word_1_509' title='bbox 659 5312 687 5359; x_wconf 87' lang='lat' dir='ltr'>et</span> <span class='ocrx_word' id='word_1_510' title='bbox 703 5308 749 5360; x_wconf 88' lang='lat' dir='ltr'>Pr.</span> <span class='ocrx_word' id='word_1_511' title='bbox 766 5304 802 5359; x_wconf 88' lang='lat' dir='ltr'>N.</span> <span class='ocrx_word' id='word_1_512' title='bbox 814 5303 929 5356; x_wconf 84' lang='lat' dir='ltr'>Dissert.</span> <span class='ocrx_word' id='word_1_513' title='bbox 941 5302 975 5358; x_wconf 78' lang='lat' dir='ltr'>V.</span> <span class='ocrx_word' id='word_1_514' title='bbox 993 5319 1021 5370; x_wconf 87' lang='lat' dir='ltr'>p.</span> <span class='ocrx_word' id='word_1_515' title='bbox 1037 5303 1098 5357; x_wconf 83' lang='lat'>245.</span> <span class='ocrx_word' id='word_1_516' title='bbox 1114 5303 1227 5370; x_wconf 87' lang='lat' dir='ltr'>monuit,</span> <span class='ocrx_word' id='word_1_517' title='bbox 1243 5318 1324 5356; x_wconf 88' lang='lat' dir='ltr'>cans·</span> <span class='ocrx_word' id='word_1_518' title='bbox 1375 5303 1477 5357; x_wconf 79' lang='lat' dir='ltr'>moesis</span> <span class='ocrx_word' id='word_1_519' title='bbox 1495 5303 1654 5369; x_wconf 83' lang='lat' dir='ltr'>conjunctae</span> <span class='ocrx_word' id='word_1_520' title='bbox 1671 5301 1771 5356; x_wconf 86' lang='lat' dir='ltr'>fuerint</span> <span class='ocrx_word' id='word_1_521' title='bbox 1787 5300 1893 5368; x_wconf 80' lang='lat' dir='ltr'>Sibylla</span> <span class='ocrx_word' id='word_1_522' title='bbox 1916 5302 2027 5356; x_wconf 77' lang='lat' dir='ltr'>fatidica</span> <span class='ocrx_word' id='word_1_523' title='bbox 2048 5309 2076 5355; x_wconf 89' lang='lat' dir='ltr'>et</span> <span class='ocrx_word' id='word_1_524' title='bbox 2091 5301 2196 5371; x_wconf 83' lang='lat' dir='ltr'>Sphinx</span> <span class='ocrx_word' id='word_1_525' title='bbox 2213 5303 2345 5375; x_wconf 71' lang='grc' dir='ltr'>αἰνιγμα-</span> 
     </span>
     <span class='ocr_line' id='line_1_40' title="bbox 429 5382 2344 5461; baseline -0.002 -15"><span class='ocrx_word' id='word_1_526' title='bbox 429 5393 485 5460; x_wconf 76' lang='lat' dir='ltr'>eJns</span> <span class='ocrx_word' id='word_1_527' title='bbox 502 5393 558 5461; x_wconf 84' lang='lat' dir='ltr'>typi</span> <span class='ocrx_word' id='word_1_528' title='bbox 576 5390 711 5455; x_wconf 82' lang='lat' dir='ltr'>ignorari:</span> <span class='ocrx_word' id='word_1_529' title='bbox 729 5390 889 5442; x_wconf 85' lang='lat' dir='ltr'>nostratium</span> <span class='ocrx_word' id='word_1_530' title='bbox 907 5385 954 5440; x_wconf 84' lang='lat' dir='ltr'>alii</span> <span class='ocrx_word' id='word_1_531' title='bbox 972 5385 1053 5439; x_wconf 85' lang='lat' dir='ltr'>aliam</span> <span class='ocrx_word' id='word_1_532' title='bbox 1072 5385 1229 5454; x_wconf 69' lang='lat' dir='ltr'>proterente</span> <span class='ocrx_word' id='word_1_533' title='bbox 1245 5386 1323 5440; x_wconf 83' lang='lat' dir='ltr'>ride-</span> <span class='ocrx_word' id='word_1_534' title='bbox 1374 5382 1474 5450; x_wconf 72' lang='lat' dir='ltr'>addae.</span> <span class='ocrx_word' id='word_1_535' title='bbox 1508 5387 1596 5454; x_wconf 84' lang='lat' dir='ltr'>Hujus</span> <span class='ocrx_word' id='word_1_536' title='bbox 1614 5382 1761 5455; x_wconf 69' lang='lat' dir='ltr'>stippentur</span> <span class='ocrx_word' id='word_1_537' title='bbox 1776 5388 1880 5441; x_wconf 89' lang='lat' dir='ltr'>Numos</span> <span class='ocrx_word' id='word_1_538' title='bbox 1897 5403 1941 5456; x_wconf 84' lang='lat' dir='ltr'>ap.</span> <span class='ocrx_word' id='word_1_539' title='bbox 1954 5389 2091 5440; x_wconf 81' lang='lat' dir='ltr'>Romanos</span> <span class='ocrx_word' id='word_1_540' title='bbox 2108 5385 2344 5443; x_wconf 81' lang='lat' dir='ltr'>oeenrritscsri—</span> 
     </span>
     <span class='ocr_line' id='line_1_41' title="bbox 411 5469 2345 5542; baseline -0.001 -13"><span class='ocrx_word' id='word_1_541' title='bbox 411 5475 542 5530; x_wconf 80' lang='lat' dir='ltr'>Creuzeri</span> <span class='ocrx_word' id='word_1_542' title='bbox 560 5476 651 5540; x_wconf 88' lang='lat' dir='ltr'>Symh.</span> <span class='ocrx_word' id='word_1_543' title='bbox 669 5473 821 5540; x_wconf 87' lang='lat' dir='ltr'>etlltythol.</span> <span class='ocrx_word' id='word_1_544' title='bbox 837 5474 868 5526; x_wconf 91' lang='lat' dir='ltr'>P.</span> <span class='ocrx_word' id='word_1_545' title='bbox 882 5473 927 5525; x_wconf 93' lang='lat' dir='ltr'>lll.</span> <span class='ocrx_word' id='word_1_546' title='bbox 945 5489 971 5540; x_wconf 89' lang='lat' dir='ltr'>p.</span> <span class='ocrx_word' id='word_1_547' title='bbox 984 5472 1044 5525; x_wconf 84' lang='lat'>159.</span> <span class='ocrx_word' id='word_1_548' title='bbox 1062 5470 1098 5524; x_wconf 91' lang='lat' dir='ltr'>N.</span> <span class='ocrx_word' id='word_1_549' title='bbox 1113 5471 1174 5527; x_wconf 77' lang='lat' dir='ltr'>lot.</span> <span class='ocrx_word' id='word_1_550' title='bbox 1191 5477 1219 5527; x_wconf 88' lang='lat' dir='ltr'>et</span> <span class='ocrx_word' id='word_1_551' title='bbox 1228 5474 1324 5525; x_wconf 81' lang='lat' dir='ltr'>Bern-</span> <span class='ocrx_word' id='word_1_552' title='bbox 1375 5470 1417 5524; x_wconf 88' lang='lat' dir='ltr'>sio</span> <span class='ocrx_word' id='word_1_553' title='bbox 1443 5469 1598 5526; x_wconf 73' lang='lat' dir='ltr'>Tuumsiro</span> <span class='ocrx_word' id='word_1_554' title='bbox 1620 5470 1753 5527; x_wconf 83' lang='lat' dir='ltr'>Mouetali</span> <span class='ocrx_word' id='word_1_555' title='bbox 1779 5487 1857 5526; x_wconf 87' lang='lat' dir='ltr'>cusos</span> <span class='ocrx_word' id='word_1_556' title='bbox 1882 5479 1910 5526; x_wconf 87' lang='lat' dir='ltr'>et</span> <span class='ocrx_word' id='word_1_557' title='bbox 1932 5470 2022 5524; x_wconf 85' lang='lat' dir='ltr'>editos</span> <span class='ocrx_word' id='word_1_558' title='bbox 2050 5487 2067 5525; x_wconf 83' lang='lat' dir='ltr'>a</span> <span class='ocrx_word' id='word_1_559' title='bbox 2090 5469 2254 5542; x_wconf 79' lang='lat' dir='ltr'>Spauhemio</span> <span class='ocrx_word' id='word_1_560' title='bbox 2276 5473 2296 5528; x_wconf 93' lang='lat' dir='ltr'>l.</span> <span class='ocrx_word' id='word_1_561' title='bbox 2320 5488 2345 5529; x_wconf 82' lang='lat' dir='ltr'>n.</span> 
     </span>
     <span class='ocr_line' id='line_1_42' title="bbox 416 5553 1987 5627; baseline -0.002 -14"><span class='ocrx_word' id='word_1_562' title='bbox 416 5561 615 5626; x_wconf 76' lang='lat' dir='ltr'>Wappenwer.</span> <span class='ocrx_word' id='word_1_563' title='bbox 634 5562 661 5611; x_wconf 81' lang='lat' dir='ltr'>d.</span> <span class='ocrx_word' id='word_1_564' title='bbox 681 5561 731 5611; x_wconf 82' lang='lat' dir='ltr'>Gr.</span> <span class='ocrx_word' id='word_1_565' title='bbox 748 5574 778 5613; x_wconf 86' lang='lat' dir='ltr'>u.</span> <span class='ocrx_word' id='word_1_566' title='bbox 796 5561 831 5613; x_wconf 80' lang='lat' dir='ltr'>n.</span> <span class='ocrx_word' id='word_1_567' title='bbox 853 5575 882 5627; x_wconf 89' lang='lat' dir='ltr'>p.</span> <span class='ocrx_word' id='word_1_568' title='bbox 905 5558 965 5611; x_wconf 87' lang='grc'><strong>122.</strong></span> <span class='ocrx_word' id='word_1_569' title='bbox 988 5555 1023 5609; x_wconf 90' lang='lat' dir='ltr'>N.</span> <span class='ocrx_word' id='word_1_570' title='bbox 1041 5556 1067 5609; x_wconf 88' lang='lat' dir='ltr'>o.</span> <span class='ocrx_word' id='word_1_571' title='bbox 1102 5555 1189 5611; x_wconf 82' lang='lat' dir='ltr'>Porro</span> <span class='ocrx_word' id='word_1_572' title='bbox 1213 5554 1243 5610; x_wconf 89' lang='lat' dir='ltr'>in</span> <span class='ocrx_word' id='word_1_573' title='bbox 1261 5555 1334 5610; x_wconf 88' lang='lat' dir='ltr'>Nn-&#39;</span> <span class='ocrx_word' id='word_1_574' title='bbox 1372 5573 1400 5626; x_wconf 89' lang='lat' dir='ltr'>p.</span> <span class='ocrx_word' id='word_1_575' title='bbox 1417 5553 1479 5611; x_wconf 80' lang='grc'><strong>246.</strong></span> <span class='ocrx_word' id='word_1_576' title='bbox 1985 5569 1987 5578; x_wconf 91' lang='grc'><em>·</em></span> 
     </span>
     <span class='ocr_line' id='line_1_43' title="bbox 421 5629 1541 5713; baseline -0.005 -14"><span class='ocrx_word' id='word_1_577' title='bbox 421 5644 623 5713; x_wconf 83' lang='lat' dir='ltr'>Gergithiornnr</span> <span class='ocrx_word' id='word_1_578' title='bbox 641 5642 669 5695; x_wconf 89' lang='lat' dir='ltr'>ia</span> <span class='ocrx_word' id='word_1_579' title='bbox 687 5643 814 5710; x_wconf 86' lang='lat' dir='ltr'>Troade,</span> <span class='ocrx_word' id='word_1_580' title='bbox 835 5647 865 5694; x_wconf 88' lang='lat' dir='ltr'>nt</span> <span class='ocrx_word' id='word_1_581' title='bbox 881 5641 967 5695; x_wconf 80' lang='lat' dir='ltr'>refert</span> <span class='ocrx_word' id='word_1_582' title='bbox 991 5639 1114 5708; x_wconf 78' lang='lat' dir='ltr'>Phlegon</span> <span class='ocrx_word' id='word_1_583' title='bbox 1137 5657 1181 5711; x_wconf 86' lang='lat' dir='ltr'>ap.</span> <span class='ocrx_word' id='word_1_584' title='bbox 1204 5639 1321 5711; x_wconf 80' lang='lat' dir='ltr'>Stephs-</span> <span class='ocrx_word' id='word_1_585' title='bbox 1537 5629 1541 5638; x_wconf 84' lang='grc'><strong>’</strong></span> 
     </span>
    </p>
   </div>
   <div class='ocr_carea' id='block_1_4' title="bbox 1960 5728 2035 5801">
    <p class='ocr_par' dir='ltr' id='par_1_6' title="bbox 1960 5728 2035 5801">
     <span class='ocr_line' id='line_1_44' title="bbox 1960 5728 2035 5801; baseline -0.027 0"><span class='ocrx_word' id='word_1_586' title='bbox 1960 5728 2035 5801; x_wconf 79' lang='lat'>22*</span> 
     </span>
    </p>
   </div>
   <div class='ocr_carea' id='block_1_5' title="bbox 0 0 2864 6566">
    <p class='ocr_par' dir='ltr' id='par_1_7' title="bbox 0 0 2864 6566">
     <span class='ocr_line' id='line_1_45' title="bbox 0 0 2864 6566; baseline 0 0"><span class='ocrx_word' id='word_1_587' title='bbox 0 0 2864 6566; x_wconf 95' lang='lat' dir='ltr'> </span> 
     </span>
    </p>
   </div>
  </div>
 </body>
</html>
