5717 6575
1179 1067 1502 1147 nxcnnsns
1536 1069 1671 1144 vrnr.
1721 1049 1726 1060 '

1390 1241 1466 1319 nn

979 1444 1252 1548 1100ss
1312 1438 1878 1546 SUMDNII

1078 1614 1079 1618 Ὺ
1197 1602 1658 1801 vennonenses.

511 2104 519 2119 .
584 2056 713 2126 Omissis
734 2056 783 2122 hic
804 2056 928 2124 levioris
948 2055 1091 2122 momenti
1111 2054 1273 2122 lectionum
1296 2054 1479 2142 quisquiliis,
1509 2076 1583 2141 quas
1612 2052 1803 2119 Burmannus
1832 2059 1862 2118 et
1889 2052 2051 2119 liiclrterus
2080 2054 2244 2145 diligenter
2266 2077 2437 2145 congress.

364 2172 369 2179 “
431 2157 519 2231 runt,
541 2143 701 2213 nonnullos
724 2150 836 2208 tuntum
859 2142 1061 2230 discrepantis
1087 2141 1147 2206 scri
1170 2149 1255 2206 turae
1284 2140 1365 2206 locos
1388 2141 1555 2206 accuratius
1585 2139 1779 2204 excutiamus.
1820 2138 1938 2236 llomen
1961 2140 2122 2225 Dionysii,
2144 2141 2221 2229 quod
2243 2143 2436 2231 aphaeresim

429 2254 553 2324 passum
573 2231 606 2297 in
629 2226 725 2296 Codd.
749 2225 907 2311 Ouisyus,
930 2225 1060 2326 Opisius
1075 2241 1112 2325 'et
1135 2163 1273 2326 (iussim
1294 2225 1429 2326 legitur,
1450 2225 1583 2323 feliciter
1596 2225 1736 2324 ‘restituit
1755 2223 1904 2323 Nunnius.
1929 2225 1998 2312 Ego
2019 2226 2105 2326 illum
2126 2248 2188 2292 nou
2210 2227 2435 2328 tan-libertum

429 2309 1624 2482 tlrmttllultltctltlllllttmltt'rmilitamt?
1642 2306 1858 2492 iiiiii&
1877 2307 2434 2484 ttlcttlllttlllluzm

429 2485 519 2555 modo
536 2483 689 2571 joculatns
709 2480 816 2545 irridet
837 2502 961 2569 eamque
982 2501 1047 2545 curu
1070 2480 1203 2568 corporis
1226 2478 1386 2546 Horatiaui
1407 2479 1575 2566 exiguitate
1602 2487 1634 2543 ot
1662 2479 1811 2543 escuem
1830 2478 1996 2545 contendit.
2039 2480 2119 2547 Olim
2141 2481 2232 2568 vulgo
2254 2480 2367 2550 editum
2389 2482 2433 2548 le-

431 2572 578 2660 gebatur:
607 2585 701 2652 quem
728 2584 784 2647 eqo
816 2575 854 2631 ut
882 2587 909 2632 s.
935 2584 975 2630 ae
1002 2583 1145 2630 accusem
1165 2567 1364 2640 breuitatem,
1395 2566 1702 2648 quantuluscumque
1723 2573 1784 2646 est,
1803 2565 1878 2629 boui
1899 2566 2049 2631 consuetos
2077 2568 2128 2631 ubi
2149 2567 2310 2634 beeudatis
2332 2589 2432 2634 vocem

432 2655 500 2722 sola
520 2654 634 2719 Nannii
648 2651 825 2736 conjectura
845 2648 979 2737 legentis
1008 2659 1046 2715 ret
1078 2669 1146 2715 nou
1167 2669 1311 2716 ocmssem
1340 2653 1521 2716 breuitatem
1548 2650 1695 2715 intrusam
1717 2669 1786 2712 esse
1806 2648 1851 2713 ait
1872 2648 1978 2715 osten
2055 2651 2112 2718 ‘us
2153 2652 2294 2719 Neruius
2315 2652 2349 2719 in
2369 2651 2430 2719 ltu

351 2779 355 2785 -
431 2738 576 2806 Blandin.
597 2738 753 2802 invenerat
774 2744 811 2801 us
833 2744 1050 2801 accusantem:
1069 2735 1210 2799 similiter
1232 2733 1307 2801 Cod.
1329 2733 1412 2820 neg.
1441 2744 1471 2799 et
1499 2734 1587 2800 libas
1609 2732 1714 2812 vineti
1734 2732 1835 2816 Edit,
1864 2740 1997 2800 testante
2048 2736 2170 2802 abricio.
2211 2737 2251 2803 Iu
2273 2737 2431 2804 Puteanus

431 2823 509 2890 libro
531 2842 571 2888 ue
592 2838 791 2887 accusarem:
813 2817 891 2885 uude
913 2819 980 2884 siue
1000 2818 1092 2885 dubio
1114 2829 1186 2884 nata
1216 2828 1264 2883 est
1289 2818 1379 2885 lectio
1411 2817 1583 2885 casauboni
1611 2829 1652 2883 ue
1681 2836 1824 2882 accusem
1855 2826 1883 2884 te
1908 2840 1951 2885 sc.
1975 2821 2146 2902 brevitatis,
2168 2827 2202 2887 nt
2220 2843 2265 2887 ex
2288 2829 2431 2893 conoexte

430 2909 538 2995 liquet.
581 2905 661 2970 Huic
682 2903 804 2968 lectioni
825 2915 965 2991 receptae
985 2924 1004 2967 a
1024 2903 1142 2986 multis,
1169 2910 1203 2967 nt
1231 2902 1419 2986 blitscberl.,
1448 2902 1558 2986 Janio,
1587 2901 1625 2969 0.
1653 2900 1741 2985 Fea,
1770 2902 1837 2967 aliis
1868 2907 2103 2971 controversiam
2130 2906 2260 2973 intendit
2294 2906 2431 2978 Vender-

431 2991 578 3077 benagius
601 2988 692 3057 Tom
714 2987 740 3052 l.
762 3007 792 3076 p.
814 2986 902 3052 LXI.
924 2988 964 3053 N.
977 2986 1030 3055 9»st
1069 2995 1103 3052 et
1123 2989 1254 3053 resumta
1275 2988 1415 3075 opinioroe
1435 2987 1665 3053 lllitsoberlicb'n‘
1691 2988 1907 3072 conjectantis,
1938 2988 2118 3078 Cod-Reg.
2140 2992 2282 3057 babuisse
2302 3013 2368 3059 mr
2388 2991 2431 3058 h·

434 3096 512 3142 enne
532 3091 572 3139 ue
592 3091 729 3139 accus..
744 3115 774 3135 ..
791 3081 890 3155 utem,
921 3071 1000 3137 vnde
1020 3072 1181 3137 bannima
1202 3081 1271 3137 orta
1289 3075 1332 3136 sit
1352 3071 1458 3155 lectio,
1480 3074 1657 3160 scripturam
1688 3071 1765 3137 bisti
1785 3071 1927 3139 Blandiu.
1956 3082 1988 3140 et
2015 3073 2093 3141 Cod.
2114 3075 2196 3160 lieg.
2215 3076 2365 3142 susurre
2384 3099 2431 3144 rs·

318 3190 321 3200 Α
351 3208 355 3217 .
434 3181 527 3227 sensu
549 3156 646 3226 codo.
668 3162 795 3243 quatuor
833 3177 909 3243 quos
935 3156 1002 3244 ipse
1028 3156 1183 3244 inspexit,
1213 3178 1310 3242 neque
1339 3158 1461 3222 omniuo
1488 3179 1646 3238 caussam,
1672 3156 1710 3221 ob
1737 3178 1824 3244 qnam
1851 3157 1922 3225 lect.
1950 3169 1987 3226 ut
2015 3171 2218 3228 ueceesoutees
2245 3162 2430 3248 rejiceretur,

432 3244 550 3312 invenit
583 3242 744 3323 idoneam,
790 3205 944 3308 dummodo
976 3244 1282 3326 quantuluscumque
1311 3259 1341 3308 es
1375 3240 1512 3329 legatum,
1554 3250 1587 3308 ut
1614 3240 1677 3308 Me.
1703 3262 1741 3328 φ.
1774 3243 1893 3309 habeat.
1956 3244 2063 3333 ltaque
2097 3246 2212 3313 elidite
2254 3266 2346 3331 queres
2377 3266 2430 3331 equ

437 3333 638 3397 accusantem
660 3328 965 3411 quantuluscumque
986 3346 1038 3410 es,
1061 3330 1135 3392 bosci
1157 3329 1296 3393 consulo.
1337 3325 1401 3393 Sed
1421 3333 1457 3392 ut
1476 3349 1517 3391 ee
1538 3349 1661 3411 urgeam
1685 3325 1915 3394 Granumaticam
1941 3331 2105 3413 ustionem,
2137 3334 2209 3396 mihi
2227 3333 2292 3420 jam
2314 3333 2429 3399 libellus

434 3415 565 3502 aliquem
587 3412 742 3479 brevitatis
763 3433 910 3478 amusans
923 3410 1060 3511 prodere
1081 3434 1116 3477 ac
1137 3413 1254 3501 spirare
1282 3409 1400 3477 videtur
1427 3406 1623 3492 euidiqtou
1652 3410 1816 3499 quoddam,
1845 3413 1922 3500 quod
1954 3416 1991 3481 ab
2021 3415 2177 3504 epistolari
2205 3418 2289 3505 stylo
2316 3439 2373 3508 per
2397 3439 2429 3485 se

435 3497 587 3580 ebenum,
609 3516 792 3582 nequaquem
811 3494 902 3561 cadat
920 3518 954 3561 sn
976 3495 1109 3583 Augusti
1129 3496 1301 3586 scriptionis
1320 3492 1498 3583 ἀφέλειαν.
1539 3496 1608 3582 ligo
1630 3495 1841 3583 Bentlejaneru
1866 3498 2020 3649 amplexus
2049 3523 2114 3568 sunu
2141 3501 2302 3569 lectionem
2322 3514 2360 3571 ut
2379 3522 2431 3570 uc·

563 3592 719 3732 tepoqmm
741 3578 970 3731 Oudendorpiprs
990 3581 1119 3646 caeteris
1137 3580 1356 3669 elegantiorem
1384 3593 1416 3647 et
1436 3581 1598 3648 sentiment
1627 3582 1718 3646 habet
1739 3594 1769 3646 et
1790 3581 1834 3647 ita
1854 3584 1998 3672 expirat:
2016 3587 2202 3674 „qrrmvis,
2229 3587 2305 3655 lieet
2332 3597 2363 3655 te
2384 3609 2430 3654 ae
2476 3655 2482 3664 ,

436 3601 557 3748 m,
680 3674 884 3753 lampertum
948 3663 1038 3731 ellum
1059 3665 1427 3748 miseris„nibilonriuus,
1448 3666 1732 3753 quantilluscunque
1751 3675 1820 3750 est,
1849 3668 1920 3733 boni
1942 3691 2009 3736 esur
2030 3672 2187 3740 consulo.“

580 3688 659 3818 bam
681 3772 745 3815 curu
767 3749 913 3817 Horatium
934 3772 996 3816 uon
1015 3751 1117 3817 brevis
1139 3750 1234 3817 solum
1259 3749 1427 3837 modulique
1448 3750 1595 3839 bipedalis
1617 3762 1716 3833 esset,
1739 3761 1771 3819 ut
1791 3752 1858 3904 ipse
1877 3755 1922 3819 ait
1941 3754 2030 3822 Libr.
2047 3757 2089 3823 Π.
2111 3757 2180 3823 sar.
2198 3757 2232 3826 3.
2252 3778 2282 3827 v.
2303 3756 2379 3826 ³0⁹.
2395 3757 2431 3826 d.

1773 3859 1804 3902 vr

435 3837 525 3906 Libr.
545 3834 572 3905 Ι.
591 3835 693 3924 Epist.
713 3832 768 3900 20.
790 3856 819 3905 v.
839 3832 911 3919 24„
937 3834 1104 3902 sedetiam
1125 3836 1287 3923 grandiore
1309 3844 1409 3901 aetate
1430 3836 1540 3902 obesus
1563 3837 1663 3924 etpiu
1709 3838 1752 3903 is:
1858 3837 1943 3910 Libr.
1963 3840 1990 3905 l.
2011 3839 2069 3929 Ep
2090 3838 2122 3908 d
2143 3863 2172 3910 v.
2186 3842 2252 3926 15.;
2274 3842 2431 3933 Angustus

432 3922 529 4012 jocari
573 3924 653 4009 ergit
674 3920 788 3995 verbis,
807 3941 884 4008 quae
906 3941 972 3985 cum
994 3919 1102 3986 lacuna
1121 3923 1260 3987 Naeuius
1282 3941 1323 3986 ex
1344 3919 1419 3989 coo.
1441 3920 1522 4008 Reg.
1543 3921 1588 3988 its
1609 3921 1657 3987 edi
1680 3926 1717 3987 'ts
1748 3920 1808 3989 Sed
1827 3923 1858 3990 si
1878 3926 1932 3989 tibi
1950 3934 2080 3992 statura
2103 3928 2196 4005 deest,
2351 3932 2433 3997 unde

436 4016 492 4075 ut.
568 4028 625 4072 unu
649 4004 787 4071 lmuuam
808 4028 828 4071 a
847 4004 989 4091 Bentlejo
1012 4004 1129 4091 quidem
1148 4015 1313 4089 retentam,
1337 4004 1483 4071 Graevius
1513 4013 1544 4070 et
1571 4004 1717 4072 Heinsius
1745 4008 1802 4072 'am
1831 4007 2041 4097 expleverant:
2071 4031 2170 4079 osane
2191 4015 2316 4080 abuude
2337 4025 2390 4082 est.
2402 4016 2431 4095 ¹)

436 4091 633 4176 ingeniosius
656 4099 771 4171 autem,
791 4110 840 4154 rue
862 4088 980 4176 quidem
997 4090 1110 4175 judice,
1132 4089 1301 4155 Scriverius
1324 4112 1364 4154 ex
1386 4089 1513 4155 diductis
1535 4090 1634 4156 verbis
1662 4091 1693 4159 V.
1712 4029 1755 4159 nl.
1776 4095 1875 4177 deest,
1896 4096 2093 4181 conjectando
2113 4097 2218 4163 elicuit
2237 4111 2348 4166 veuter
2366 4120 2433 4167 uses

439 4173 533 4241 nemu
566 4195 653 4261 quaen
680 4174 882 4258 conjecturam
904 4173 1090 4260 Rutgersius
1112 4173 1340 4262 praeferendam
1362 4174 1442 4240 ducit
1463 4175 1627 4263 suspicioni
1650 4174 1822 4245 Casaubsui
1848 4190 1956 4246 venter
1981 4182 2105 4249 abunde
2127 4192 2180 4249 est.
2225 4182 2367 4254 Sufficiet
2386 4186 2432 4251 bic

440 4259 539 4326 tribus
567 4259 670 4323 uerbis
690 4278 939 4324 commemorasse
961 4265 1155 4324 commentum
1175 4257 1215 4329 C.
1234 4256 1355 4324 Bartbii
1375 4259 1505 4326 Advers.
1527 4260 1614 4327 Libr.
1635 4259 1772 4330 xxvfl.
1800 4285 1827 4328 c.
1848 4263 1881 4329 2.
1909 4282 1964 4330 cer
1985 4270 2172 4349 wrpmmsio
2192 4286 2261 4335 nou
2280 4273 2381 4338 deest:
2400 4272 2432 4338 in

329 4420 331 4425 ¹
519 4363 566 4410 ure
587 4341 667 4407 male
701 4341 793 4407 babet
821 4363 886 4409 cum
918 4340 1099 4426 alliterabo,
1127 4350 1186 4414 tum
1214 4344 1349 4433 inprimis
1371 4345 1528 4410 verborum
1549 4344 1720 4429 multitudo,
1743 4347 2057 4416 coruscaturum
2078 4353 2220 4419 brevitas.
2263 4354 2431 4443 AGujeto,

439 4364 585 4512 llrlreto,
614 4426 657 4495 ll.
677 4425 836 4516 Stephano
859 4435 890 4493 et
911 4428 1043 4516 Cruquio
1064 4429 1229 4517 protectum
1251 4437 1298 4494 est
1319 4432 1541 4513 corpusculum
1563 4450 1630 4496 nou
1655 4434 1757 4514 deest,
1785 4431 1862 4520 quod
1888 4455 1908 4499 a
1931 4434 2067 4523 plurimis
2088 4438 2243 4525 probatem
2265 4440 2431 4528 editumque

439 4511 478 4582 ad
499 4514 576 4580 bunc
597 4533 691 4599 usque
718 4511 796 4580 diem
817 4511 913 4603 Velg.
934 4511 1033 4579 locum
1059 4514 1195 4580 obtinuit
1207 4515 1239 4598 ²)
1296 4514 1387 4580 Enim
1413 4537 1485 4581 vero
1515 4516 1605 4582 etiam
1636 4516 1691 4582 boc
1717 4517 1964 4606 complementum
1992 4522 2105 4587 umbus
2133 4532 2164 4587 et
2189 4525 2350 4591 verbosius
2377 4535 2430 4610 est,

374 4600 382 4608 '
440 4594 626 4686 quaquuod
647 4607 795 4684 augustae
817 4597 942 4664 lacunae
964 4597 1139 4687 adaptetur,
1167 4609 1199 4664 et
1233 4600 1340 4687 partim
1373 4599 1713 4689 molesta·repetitione
1739 4624 1768 4668 u.
1795 4604 1877 4670 deest
1904 4605 2011 4693 partim
2038 4606 2208 4673 certissima
2235 4607 2335 4677 Codri.
2361 4603 2442 4677 seni·¹

462 4690 529 4747 tura
546 4728 637 4749 .....
650 4684 735 4747 uude
755 4691 800 4747 est
820 4684 972 4766 re'icitur,
994 4705 1068 4771 quae
1090 4682 1212 4749 Graevii
1233 4686 1433 4770 conjecturam
1461 4688 1584 4751 abunde
1615 4697 1658 4754 est
1684 4689 1758 4752 satis
1785 4695 1899 4771 tuetur,
1931 4701 1964 4754 ut
1996 4702 2079 4756 recte
2108 4693 2222 4759 monuit
2244 4693 2376 4762 Wolfius
2396 4695 2430 4762 ed

383 4795 386 4800 ¹
439 4703 760 4864 buetou3·'1¹om.lll.
803 4706 904 4850 ‚5l.,
927 4770 1009 4851 cujus
1032 4767 1185 4833 doctrinae
1213 4775 1243 4868 et
1263 4767 1409 4868 ‘lectionis
1439 4770 1542 4859 copiae
1564 4772 1654 4836 etiam
1671 4770 1815 4837 debemus
1837 4773 1974 4839 notitiam
1996 4773 2214 4843 emendationis
2236 4778 2429 4847 felicissimae

438 4850 584 5001 pssimi
605 4848 641 4934 de
663 4849 771 5003 Mpppu
779 4788 870 4919 llsur.
890 4872 922 4951 p.
942 4850 1036 4923 4080:
1057 4850 1148 4936 „Seu
1167 4855 1195 4921 si
1216 4855 1269 4919 tels
1290 4862 1415 4921 stetero
1436 4857 1535 4938 decu,
1562 4858 1681 4924 ueretris
1710 4858 1835 4925 munde
1854 4858 1946 4926 est:“
1975 4882 2061 4946 quan
2082 4882 2142 4948 ego
2163 4863 2231 4930 sine
2253 4864 2317 4932 ulls
2336 4866 2429 4936 hrosi

486 4955 555 5001 rone
575 4956 607 4998 ru
625 4953 685 5002 con
791 4958 809 5000 r
847 4956 922 5002 osus.

591 5015 680 5091 Quae
701 4957 882 5105 munatius,
903 5019 1026 5088 multum
1046 5022 1163 5109 negotii
1181 5021 1406 5089 facessiverunt
1425 5023 1545 5114 lntpp.,
1564 5024 1702 5113 inprimis
1723 5024 1779 5091 illa
1799 5028 1833 5093 iu
1855 5031 2027 5095 sextariolo
2049 5030 2192 5098 scribere:
2221 5056 2298 5124 quae
2339 5033 2430 5103 uidem

441 5104 532 5172 rerba
553 5101 652 5192 lntpp.
674 5110 787 5169 tanturn
808 5125 870 5170 non
889 5127 993 5172 omnes
1012 5106 1064 5171 vel
1085 5104 1248 5195 prudenter
1275 5108 1397 5174 silentio
1416 5110 1685 5200 praetermiserunt
1707 5109 1758 5178 vel
1778 5112 1904 5191 ridicule
1925 5106 2116 5203 interpretati
2136 5127 2207 5185 suut
2228 5121 2360 5211 opinate,
2389 5124 2429 5209 ju·

513 5339 544 5407 1)
561 5341 606 5395 Sic
622 5340 752 5395 Horatius
773 5341 849 5395 Libr.
866 5342 901 5395 11.
925 5341 978 5395 Orl.
997 5343 1039 5397 18.
1057 5359 1082 5397 v.
1103 5342 1158 5397 10.=
1182 5346 1221 5398 Ae
1234 5343 1306 5410 tides
1323 5350 1352 5399 et
1367 5349 1414 5397 in·
1457 5346 1509 5415 Ep.
1525 5347 1569 5402 29.
1594 5345 1621 5415 §.
1639 5348 1666 5402 1.
1689 5353 1783 5417 utpote
1803 5350 1940 5406 imbecillo
1965 5359 1993 5407 et
2016 5354 2105 5409 miuus
2123 5358 2244 5426 robusto,
2256 5376 2378 5431 ,eumque
2392 5361 2429 5415 in·

445 5411 658 5476 perstiterimus
674 5425 747 5461 vena
765 5414 823 5463 est.-
839 5409 892 5464 Ars
909 5410 986 5463 Poet.
1002 5425 1028 5465 v.
1044 5410 1113 5464 tou:
1138 5415 1199 5465 sine
1216 5416 1304 5467 diuite
1321 5429 1411 5478 uenum
1456 5414 1555 5469 tentim
1573 5423 1694 5468 orantem
1711 5434 1759 5485 per
1775 5419 1900 5473 libertum
1917 5421 2065 5491 admonuit,
2082 5430 2112 5477 ut
2128 5428 2257 5482 luteribus
2274 5432 2429 5495 consuleret,

447 5483 475 5530 at
491 5482 626 5543 repugnat
643 5479 796 5530 contextus!
1459 5482 1536 5538 Libr.
1552 5484 1585 5536 11.
1603 5484 1654 5551 Ep.
1671 5486 1713 5543 11.
1732 5483 1759 5551 b.
1778 5487 1819 5540 15.

514 5541 546 5610 2)
564 5543 692 5630 Similiter
708 5544 845 5611 Traianus
862 5543 950 5600 Plinio
967 5544 1061 5601 tribuit
1077 5551 1281 5610 corpusculum
1298 5549 1372 5602 Libr.
1384 5549 1417 5606 X.
