5717 6575
893 627 901 635 ·
1050 606 1332 732 mereatu
1354 608 1705 691 BIBLIOPOLAII
1929 620 1965 693 r
2118 640 2172 663 ··
2291 614 2364 691 [XI
2507 650 2510 657 ·

396 810 454 910 ing
455 809 526 884 cuii
548 810 727 913 animique
751 809 906 889 indolem
930 816 1078 915 propius
1101 822 1280 923 spectent,
1294 818 1505 917 pracsertim
1528 843 1611 894 cum
1635 814 1718 894 inde
1712 814 1955 918 Scriptorum
1981 820 2059 917 ejus
2079 790 2255 918 ttebq'etts
2278 822 2361 918 plu·
2449 825 2451 831 ’
2494 893 2496 896 .
2538 927 2540 931 .
2565 868 2577 899 ι

308 1012 313 1021 .
395 950 527 1023 rimum
553 949 642 1025 lucis
667 949 846 1025 afferetur.
859 949 1111 1052 Expositum
1135 938 1243 1057 igilur
1266 980 1345 1030 sum
1357 955 1452 1056 Gap.
1472 957 1502 1031 Ι
1528 953 1574 1030 de
1588 963 1759 1034 Caesaris
1772 962 1928 1057 Aupnsti
1944 961 2150 1053 jarentone,
2174 960 2363 1073 mugistrir
2477 946 2480 951 ’

395 1108 439 1157 eo
463 1090 617 1178 studiis·
640 1127 694 1142 -
715 1085 804 1186 Gap.
826 1088 877 1164 Π.
898 1088 943 1164 de
969 1094 1046 1190 ejus
1069 1096 1401 1192 Apopbtbepmatis,
1426 1100 1526 1170 loeis
1549 1109 1585 1169 et
1609 1077 1905 1195 Stratepenmtise
1920 1136 1982 1153 -···-
2007 1092 2095 1192 Cap.
2118 1092 2186 1166 ΠΙ.
2215 1090 2260 1197 de
2283 1095 2362 1192 ejus

394 1226 590 1316 Poematis,
609 1231 753 1300 Latinis
770 1230 806 1297 et
827 1233 996 1319 Graecis3
1012 1272 1062 1285 —-
1080 1227 1169 1328 Cap.
1195 1227 1261 1336 Ill.
1287 1224 1333 1302 de
1357 1231 1648 1328 ejusltesctIptis
1665 1238 1783 1306 Bruto
1806 1235 1853 1307 de
1869 1237 2026 1322 Catonee
2051 1272 2103 1287 ··-·
2126 1229 2216 1328 Gap.
2240 1228 2287 1305 V.
2312 1225 2360 1303 de
2484 1286 2488 1295 .

394 1360 475 1458 ejus
501 1366 675 1456 Epistolis
697 1359 854 1461 itemquo
883 1368 1083 1443 Codieilliss'
1100 1406 1152 1433 .-
1168 1365 1256 1464 Cap.
1275 1364 1337 1440 VI.
1361 1363 1406 1438 dc
1432 1368 1509 1464 ejus
1522 1370 1753 1443 sermonibus
1780 1373 1815 1439 et
1832 1371 2063 1443 Orationibus
2073 1400 2087 1461 ,·
2107 1409 2155 1424 --
2171 1344 2259 1467 Gap.
2273 1356 2377 1486 Vll¹

293 1512 297 1521 '
394 1492 440 1568 dc
453 1501 749 1595 ejusEdietis5-
767 1498 855 1599 Cap.
875 1498 974 1577 vlll.
995 1499 1039 1575 de
1058 1486 1135 1601 ejus
1152 1488 1300 1603 bepibus
1316 1527 1356 1576 ac
1367 1507 1688 1579 constitutionibus
1696 1502 1867 1604 s-Cap.
1876 1504 1946 1579 IX.
1965 1501 2010 1577 de
2023 1505 2100 1602 ejus
2111 1510 2361 1602 Descriptione

395 1633 491 1707 orbis
515 1647 725 1748 terrarum,
749 1677 800 1689 —
823 1636 912 1736 Cep.
938 1642 987 1713 X.
1024 1636 1069 1712 de
1103 1641 1180 1737 ejus
1204 1640 1483 1753 Hortaticnibus
1518 1643 1568 1715 ad
1595 1644 1886 1737 Pbiloscpbiam5
1910 1678 1961 1695 -—
1988 1640 2077 1740 Cep.
2103 1640 2171 1715 XI.
2204 1638 2248 1714 de
2283 1644 2360 1740 ejus

399 1773 686 1869 Commentariis,
713 1798 802 1868 quos
828 1779 872 1851 ele
895 1782 969 1851 cita
993 1802 1063 1851 sua
1087 1783 1328 1873 scripsit,
1276 1775 1442 1875 —Cap.
1463 1775 1552 1851 XII.
1577 1774 1622 1850 de
1647 1780 1725 1876 ejus
1751 1775 1919 1878 operibus
1944 1777 2154 1875 postremis,
2190 1775 2358 1877 adquae
2504 1790 2508 1797 “

393 1905 586 2011 pertinent.
623 1909 658 2006 l)
685 1914 804 1987 Index
824 1939 948 1989 rerum
972 1938 997 1986 a
1017 1939 1056 1986 se
1079 1926 1267 2012 poetarum
1287 1913 1362 1986 sive
1386 1920 1664 1989 Monumentum
1683 1920 1953 2014 Ancyranum3
1977 1914 2019 2008 2)
2043 1920 2303 1989 Rationariurn
2324 1920 2359 1986 ct

392 2053 626 2122 Breuiurium
648 2053 823 2146 resperas
846 2049 888 2143 3)
907 2051 1091 2123 Mandata
1119 2052 1163 2124 de
1179 2051 1479 2125 administranda
1502 2053 1721 2165 Republica,
1729 2051 1785 2146 4)
1803 2054 1986 2127 Mandata
2002 2052 2046 2124 de
2063 2052 2198 2149 funere
2210 2078 2287 2125 suo
2307 2091 2358 2107 ·-
2422 2071 2426 2081 ·

392 2180 481 2283 Cep.
501 2181 606 2260 XIII.
632 2182 678 2257 dc
703 2186 780 2285 ejus
804 2189 1046 2278 Testamenta,
1071 2192 1107 2259 et
1133 2183 1223 2286 Cep.
1250 2184 1354 2263 XIV.
1372 2183 1474 2259 dc
1442 2210 1544 2291 ejus
1547 2193 1588 2261 in
1606 2193 1749 2263 litteras
1775 2201 1942 2285 artesque
1960 2189 2125 2262 liberales
2153 2191 2305 2261 meritis

548 2455 734 2531 Caeterum
764 2456 802 2531 in
825 2453 1006 2533 tractando
1033 2455 1101 2531 boc
1119 2463 1324 2558 argumento
1354 2439 1517 2551 curabo,
1535 2465 1587 2552 ut,
1622 2481 1712 2557 qucc
1740 2481 1761 2531 a
1790 2457 1984 2560 Rutgersio
2013 2453 2242 2556 Fabricioque
2267 2451 2357 2530 bene

392 2590 595 2693 utiliterque
620 2593 785 2668 adnotate
803 2593 941 2688 luerint,
957 2591 1014 2666 hic
1031 2619 1077 2667 nc
1092 2593 1225 2668 frustm
1244 2599 1478 2694 quaerantur,
1496 2601 1532 2667 et
1555 2593 1797 2693 qualicumque
1813 2619 1895 2667 mea
1914 2619 2024 2694 opera
2036 2592 2175 2696 efficere
2192 2590 2355 2687 studebo,

393 2737 437 2803 ut
461 2755 531 2803 une
555 2739 659 2832 atque
697 2733 781 2807 item
800 2733 911 2804 altera
938 2754 1023 2829 pars
1053 2720 1147 2803 vitae
1178 2707 1339 2806 Caesaris
1362 2730 1521 2832 Augusti
1545 2755 1733 2833 rerumque
1757 2731 1803 2806 ab
1823 2756 1866 2806 ec
1896 2739 2077 2833 gestarum
2105 2730 2354 2804 etillustrctur

392 2868 508 2969 magis
533 2891 575 2942 ao
595 2867 745 2943 certiore
771 2866 841 2942 lide
859 2864 1120 2943 confirmetur.“

543 3139 826 3240 Descriptionem
854 3138 962 3213 totius
977 3137 1106 3236 operis,
1131 3161 1223 3238 quae
1252 3136 1311 3210 bic
1342 3136 1525 3236 proposita
1553 3143 1627 3232 est,
1659 3144 1781 3238 postea
1820 3122 1930 3240 quum
1963 3138 2090 3212 harum
2122 3136 2351 3238 reliquiarum

393 3275 602 3373 conjunctim
628 3274 843 3351 edendarum
863 3274 1048 3350 eonsilium
1072 3276 1234 3375 cepisset,
1258 3275 1306 3348 ita
1330 3274 1528 3348 immutavit
1547 3272 1673 3371 editor,
1685 3280 1726 3350 ut
1744 3301 1884 3351 omnem
1897 3248 2078 3351 meteridm
2091 3274 2129 3349 in
2144 3274 2230 3350 XII.
2244 3271 2354 3350 libros

390 3408 623 3489 distribueret.
675 3412 839 3513 Quorum
858 3412 1031 3487 librorum
1050 3411 1220 3498 ambitum
1236 3419 1270 3485 ct
1286 3410 1448 3485 ordinem
1469 3413 1519 3485 ite
1545 3409 1712 3506 definivit,
1736 3424 1776 3489 ut
1797 3418 1961 3514 ageretur
1977 3410 2076 3487 Libr.
2096 3412 2128 3487 1.
2152 3416 2196 3489 de
2220 3417 2258 3488 0.
2272 3416 2352 3487 Aa·

385 3554 500 3647 pusti¹
512 3556 686 3646 pueritia,
710 3558 897 3651 magistris
921 3577 965 3626 ac
986 3554 1133 3642 studiis,
1151 3546 1253 3621 Libr.
1275 3547 1325 3622 Π.
1352 3552 1396 3624 dc
1416 3539 1573 3649 rincy.
1585 3556 1768 3647 poematis
1778 3555 1924 3626 Latinis
1941 3564 1976 3625 et
1993 3555 2153 3643 Graecis,
2167 3547 2266 3623 Libr.
2282 3546 2351 3624 III.

388 3686 434 3758 ele
462 3689 496 3758 G.
519 3689 612 3786 Anp.
638 3689 866 3764 'orationibus
893 3701 930 3762 et
957 3686 1204 3777 sermonibus,
1237 3682 1337 3759 Libr.
1369 3682 1434 3759 IV.
1464 3688 1510 3760 de
1537 3688 1576 3777 (l.
1603 3689 1697 3785 drap.
1724 3691 1908 3783 epistolis,
1942 3690 2113 3762 codicillis
2143 3700 2178 3762 et
2209 3686 2352 3777 libellis,
2434 3747 2438 3756 .

385 3815 490 3894 Libr.
511 3818 557 3895 V.
576 3825 620 3898 de
645 3829 683 3899 G.
708 3828 801 3924 Aup.
825 3825 929 3900 libris
953 3826 998 3899 de
1021 3827 1097 3895 cita
1121 3846 1204 3915 sua,
1230 3818 1332 3895 Libr..
1354 3818 1420 3895 vl.
1446 3824 1491 3897 de
1517 3827 1554 3895 0.
1570 3825 1663 3920 Aup.
1690 3825 2007 3916 rescriptisBruto
2029 3817 2352 3914 coaetaneum.
2583 3846 2587 3855 ·

385 3953 470 4030 vlt.
494 3960 539 4033 de
566 3962 602 4034 0.
629 3963 720 4061 Aup.
737 3960 1003 4036 hortationibus
1028 3959 1078 4033 ad
1091 3958 1372 4056 philosophiam,
1390 3955 1489 4031 Libe.
1507 3954 1609 4030 vfll.
1635 3960 1680 4032 ele
1692 3961 1730 4033 0.
1747 3961 1841 4058 Aap.
1859 3959 2007 4057 lepibus,
2021 3958 2349 4052 constitutionibus,

386 4095 514 4168 edictis
539 4108 575 4169 et
597 4098 763 4189 decretis,
789 4094 890 4171 Libr.
912 4093 984 4171 IX.
1006 4098 1052 4171 de
1076 4100 1113 4170 G.
1133 4097 1226 4193 Aup.
1253 4105 1481 4191 testamento,
1502 4090 1603 4170 Lttr.
1624 4092 1676 4168 X.
1702 4095 1746 4168 dc
1770 4098 1808 4169 0.
1840 4096 1931 4193 Αιιρ.
1952 4095 2118 4191 operibus
2139 4099 2349 4191 postremis,

386 4252 479 4330 quac
502 4236 586 4304 sunt
612 4231 653 4327 l)
680 4235 859 4309 mandata
885 4235 929 4308 de
943 4233 1078 4332 funere
1091 4257 1169 4324 suo,
1197 4228 1240 4324 2)
1260 4234 1373 4307 indere
1386 4256 1549 4307 reruma
1575 4257 1614 4306 se
1632 4243 1821 4329 pesterum
1836 4227 1909 4302 sive
1933 4244 2210 4310 monumentum
2226 4235 2348 4330 Anep-
2500 4297 2502 4301 .

383 4391 537 4462 ranam,
561 4368 603 4463 3)
623 4373 890 4461 rationarium„
907 4370 1126 4445 breuiarium
1150 4372 1305 4463 imperii,
1331 4357 1523 4464 descriptio
1540 4368 1635 4442 orbis
1661 4380 1865 4459 terrerum,
1890 4364 1932 4459 4)
1956 4370 2138 4442 mandata
2157 4370 2202 4443 de
2224 4369 2341 4442 admi*

385 4506 585 4579 nistranda
607 4506 812 4602 republica;
837 4502 940 4581 Libr.
957 4503 1028 4579 XI.
1051 4507 1095 4579 de
1121 4509 1158 4579 G.
1177 4508 1267 4603 Aup·
1294 4504 1623 4600 apopbtbepmatis,
1641 4505 1737 4597 jocis
1761 4514 1797 4575 et
1822 4509 2104 4601 strategematis,
2132 4499 2233 4577 Libe.
2260 4498 2334 4578 XII

384 4642 430 4715 dc
453 4644 489 4716 0.
512 4645 605 4740 Aup.
631 4646 672 4759 in
694 4647 836 4719 litteras
864 4656 1031 4740 artesque
1053 4643 1219 4719 liberales
1244 4646 1398 4715 meritis.
1448 4637 1586 4713 Horum
1622 4634 1794 4710 librorum
1823 4636 1979 4736 quinque
1993 4638 2140 4738 primos
2163 4636 2343 4714 Volumini
2497 4641 2501 4648 '

383 4772 500 4874 priori
517 4774 723 4878 assignarit,
744 4802 877 4877 eosque
892 4777 1133 4879 compluribus
1145 4774 1497 4868 Excursibusauxit3
1515 4779 1654 4874 septem
1669 4774 1826 4875 reliquos
1841 4774 2139 4850 librosVolumini
2155 4774 2342 4875 posteriori
2463 4843 2470 4868 ,
2510 4817 2512 4822 ,
2580 4815 2582 4820 ·

381 4910 586 4986 mereant.
709 4947 715 4951 ·

539 5188 729 5263 Caeterum
756 5189 904 5261 lectores
926 5190 967 5259 ut
989 5129 1060 5286 qus
1080 5182 1321 5258 benevolentia
1338 5180 1427 5257 alios
1443 5178 1602 5293 ejsudem
1620 5173 1699 5255 Viri
1712 5179 1941 5256 eruditissimi
1956 5180 2089 5256 libellos
2104 5178 2337 5282 exceperunt,

341 5381 345 5386 -
382 5323 523 5416 ecdem
537 5313 604 5402 hoc
620 5323 852 5400 novissimum
878 5346 988 5423 opus,
1011 5320 1050 5395 in
1058 5319 1170 5422 quod
1192 5318 1318 5393 dici
1284 5344 1346 5396 rrx
1367 5324 1484 5421 potest
1509 5328 1678 5420 quantum
1703 5318 1761 5395 ille
1785 5318 1895 5397 studii
1915 5343 2117 5486 operaeque
2145 5314 2339 5409 contulerit,
2369 5382 2372 5388 .
2479 5292 2484 5303 ⁸
2522 5319 2529 5332 '

379 5489 512 5542 ornare
535 5463 657 5562 velint,
679 5462 785 5537 etiam
808 5468 914 5563 atquc
938 5457 1043 5536 etiam
1073 5482 1275 5560 rogamus..
