5717 6575
285 659 355 683 ··
435 630 510 704 ace
626 667 656 725 .·
857 629 880 684 .·
1140 609 1181 682 ι.
1203 609 1261 679 aa
1284 608 1500 682 erasurus
1523 606 1720 682 rueusrr
1765 668 1800 699 ¹,

409 826 412 835 “
439 807 659 907 omarum).
699 806 839 882 Rellum
850 801 943 906 quod
952 796 1365 905 'appellatinMutineuse
1376 800 1593 904 abAugastc
1605 799 1802 877 55515555
1813 799 1924 876 luisse
1940 788 2107 878 narratur
2122 800 2270 892 155155Ι
2280 805 2434 906 praeliis,

330 915 334 922 ¹
440 934 570 1036 quihus
590 953 758 1032 magnam
774 922 843 1002 sibi
860 927 1049 1025 pepererat
1064 920 1280 997 fortitudinis
1303 921 1519 1025 masimique
1541 920 1650 995 animi
1674 920 1826 1016 laudem,
1848 923 1901 996 ita
1924 928 1965 996 ut
1986 948 2008 998 a
2031 921 2201 1031 Ciceroqe
2224 923 2435 1026 reipublicae

439 1057 663 1130 conservator
678 1044 954 1148 praedicaretur.
990 1038 1069 1122 Huc
1087 1041 1265 1142 pertinent
1282 1049 1315 1114 51
1331 1065 1382 1126 ,ex
1396 1037 1474 1142 ejus
1492 1039 1609 1115 Libris
1625 1040 1667 1118 de
1679 1042 1764 1132 ¹llita
1776 1041 1882 1116 dueta
1898 1066 1979 1117 esse
1994 1041 2157 1142 suspicor
2173 1069 2267 1143 quae
2284 1042 2392 1119 habet

526 1225 529 1229 -
592 1169 641 1243 Π.
666 1164 861 1243 Suetonius
886 1162 983 1262 Aug.
1008 1186 1039 1236 c.
1062 1165 1122 1236 10.
1143 1159 1227 1235 fimi
1253 1160 1406 1257 „Priore
1416 1159 1595 1236 Antonius
1610 1185 1692 1236 eum
1715 1161 1851 1264 fugisse
1873 1161 1998 1236 scribit
2020 1186 2062 1235 ac
2086 1161 2164 1237 sinc
2191 1161 2437 1262 paludamento

440 1315 601 1395 equoque
634 1292 717 1386 post
751 1281 899 1359 biduum
930 1279 1072 1354 demum
1105 1281 1336 1379 apparuisse·
1368 1280 1529 1380 sequenti
1557 1280 1643 1354 satis
1674 1289 1812 1355 constat
1835 1305 1915 1354 555
1947 1279 2053 1355 5515
2084 1279 2206 1377 ducis,
2237 1275 2305 1359 sed
2339 1284 2438 1358 etiam

440 1412 561 1485 militis
585 1407 744 1482 sunebun
774 1427 936 1497 munere,
971 1400 1112 1504 atque'
1102 1426 1139 1474 5
1171 1398 1287 1473 55115
1318 1398 1558 1496 dimicatione,
1594 1399 1779 1500 aquilifero
1812 1399 1961 1502 legionis
1994 1424 2081 1476 suae
2112 1401 2271 1502 graviter
2307 1403 2438 1498 saucio,

306 1554 309 1559 ’
439 1531 593 1632 aquilam
614 1524 770 1600 humeris
796 1521 932 1599 subisse
955 1521 1082 1620 diuque
1107 1528 1282 1619 portasse.
1284 1520 1310 1564 ‘⁴

437 1704 446 1720 .
591 1646 689 1720 Hace
709 1669 757 1718 ex
789 1642 928 1742 aliquo
930 1639 1079 1716 Antonii
1100 1637 1225 1713 Edicto
1248 1662 1343 1713 unus
1366 1636 1561 1715 Suetonius
1588 1636 1721 1734 refert,
1760 1638 1793 1715 si
1822 1637 2027 1715 discesseris
2056 1664 2078 1715 a
2103 1637 2210 1716 Floro
2247 1639 2351 1717 Libr.
2375 1639 2438 1714 lv

442 1796 471 1846 c.
491 1772 528 1844 4.
550 1779 583 1858 1.
601 1767 650 1859 5.,
676 1788 780 1864 quem
805 1787 872 1836 sua
899 1785 946 1834 ex
968 1757 1139 1845 Suetonio
1164 1782 1354 1859 perperam
1376 1736 1547 1834 intellecto
1566 1760 1761 1897 sumpsisse
1785 1783 1858 1833 non
1880 1761 1972 1833 male
1995 1759 2193 1859 suspicatur
2214 1760 2439 1835 Drumanuus

441 1890 533 1964 Hist.
563 1885 669 1959 Rom.
702 1881 783 1957 Vol.
807 1880 840 1956 Ι.
871 1907 907 1981 p.
932 1883 1019 1956 308.
1052 1877 1098 1955 N.
1119 1880 1183 1954 94.
1242 1877 1349 1952 Prius
1374 1879 1552 1989 proelium
1574 1878 1691 1978 accipe
1716 1874 1762 1950 de
1784 1876 1987 1953 defensione
2011 1885 2220 1972 castrorum,
2247 1903 2339 1979 quae
2362 1879 2440 1954 Διι-

330 2070 333 2074 ,
442 2015 567 2110 gustus
603 2015 685 2077 5515
719 2000 833 2075 Hirtio
855 1999 936 2074 Cos.
971 1997 1121 2072 adverso
1151 1995 1312 2071 Mutinae
1341 1985 1454 2071 latere
1487 1995 1652 2070 habebat.
1710 1995 1841 2073 Errant
1872 1997 1969 2072 enim
2001 1998 2063 2097 qui
2091 1997 2147 2071 bic
2178 2022 2257 2071 eam
2284 2022 2440 2100 pugnam

316 2220 319 2226 ι
385 2187 388 2193 .
445 2152 485 2201 co
486 2126 608 2227 gitant,
633 2141 745 2258 qpam
758 2119 810 2194 Μ.
825 2115 1017 2213 Antonius,
1043 2141 1108 2192 sua
1126 2123 1243 2194 castra
1259 2116 1392 2216 pariter
1408 2141 1520 2216 prope
1534 2115 1706 2192 Mutinam
1731 2113 1780 2188 ad
1802 2115 1942 2192 Forum
1947 2115 2131 2193 Gallorum
2152 2140 2277 2193 sersus
2294 2115 2439 2212 babens,

445 2245 492 2320 ad
516 2245 613 2319 illum
638 2240 755 2315 vicum
781 2236 815 2320 1
831 2237 952 2314 XVII.
976 2237 1060 2312 Kal.
1084 2234 1199 2335 Mujas
1222 2236 1362 2310 Pansae
1377 2234 1472 2330 Cos,
1500 2235 1562 2336 qui
1586 2230 1700 2335 pridie
1723 2233 1921 2331 advenerat,
1945 2236 2115 2312 insidiose
2138 2235 2274 2313 iecerat
2289 2261 2439 2338 eumque

443 2364 521 2439 iere
555 2359 604 2436 ad
634 2358 908 2438 internecionem
939 2355 1118 2431 devicerat
1130 2355 1196 2452 23).
1254 2353 1314 2429 Ex
1344 2355 1411 2429 bae
1443 2378 1562 2455 pugna
1595 2353 1864 2430 Pansaveruto
1891 2380 1957 2454 per
1979 2357 2040 2433 ilie
2071 2354 2228 2459 graviter
2262 2357 2438 2436 sauciatam

418 2482 640 2559 ‘Bouomam
665 2481 776 2554 elatus
801 2482 866 2552 est.
917 2475 1102 2577 Augustus
1126 2473 1208 2549 lruic
1233 2500 1374 2576 pugnae
1398 2499 1471 2548 non
1495 2470 1716 2569 interfuerat,
1749 2480 1790 2548 51
1812 2473 1883 2548 1115
1909 2474 2011 2553 Gass.
2034 2475 2138 2554 Libr.
2157 2474 2299 2554 XLVI.
2324 2501 2356 2553 c.
2377 2480 2437 2553 38.

446 2612 567 2703 aperte
597 2605 737 2690 narrat3
777 2594 841 2670 sed
869 2601 1089 2669 remanserat
1111 2594 1179 2668 boe
1203 2593 1260 2668 die
1285 2594 1322 2668 in
1347 2594 1473 2669 castris
1496 2592 1619 2686 Hirtii,
1654 2593 1716 2692 qui
1740 2596 1895 2697 collegae
1918 2621 1990 2670 suo·
2009 2621 2081 2672 non
2101 2594 2174 2670 nisi
2196 2594 2440 2671 Praetor-ianas

444 2724 630 2820 utriusque
643 2715 774 2793 auxilio
801 2714 923 2789 obvios
949 2715 1117 2808 miserat3
1146 2740 1184 2795 ι.
1201 2713 1387 2815 Appianas
1401 2714 1445 2789 B.
1458 2713 1499 2789 G.
1524 2712 1699 2790 Libum,
1723 2719 1824 2792 560.
1869 2712 1946 2791 Sed
1970 2714 2104 2789 Hirtius
2130 2713 2255 2790 ecdem
2278 2713 2337 2789 die
2364 2740 2439 2790 cum

447 2840 559 2942 copiis
604 2861 769 2938 egressus
801 2834 1010 2909 Antoniauis
1042 2859 1063 2908 5
1092 2832 1239 2907 victoria
1269 2833 1345 2908 siue
1383 2831 1505 2909 ordine
1538 2831 1769 2929 redeuntibus
1803 2833 1870 2908 sub
1901 2859 2087 2936 vesperam
2119 2834 2271 2910 occurrit
2309 2860 2438 2936 eosque

445 2963 501 3036 ita·
520 2958 664 3052 devicit,
710 2950 749 3029 ut
773 2954 952 3030 Antonius
981 2955 1058 3054 ipsc
1089 2954 1128 3026 in
1157 2952 1251 3027 Foru
1277 2949 1460 3027 Gallorum
1490 2960 1713 3052 pernoctaret
1742 2962 1777 3027 et
1807 2952 1975 3053 postridie
2005 2952 2146 3028 demum
2176 2954 2214 3028 15
2247 2962 2363 3029 castra
2395 2953 2438 3028 ad

446 3078 621 3154 Mutinam
635 3072 779 3149 rediret.
813 3074 961 3148 Postero
987 3072 1046 3146 die
1072 3069 1108 3147 1.
1121 3071 1222 3146 XVI.
1247 3071 1330 3145 Kal.
1345 3071 1463 3171 Majas
1486 3071 1621 3146 Hirtius
1643 3098 1725 3146 eum
1749 3072 1909 3174 Augusto
1939 3078 2185 3174 strategemate
2212 3073 2269 3148 usi
2294 3073 2437 3148 inritum

382 3203 384 3206 ’
446 3196 640 3272 Antonium
671 3191 716 3266 ad
748 3217 905 3294 pugnam
940 3192 1134 3267 elicuerunt
1165 3216 1313 3291 eumque
1339 3190 1552 3266 interneciuo
1576 3193 1712 3293 proelio
1741 3192 1790 3266 ita
1818 3191 1998 3288 vicerunt,
2039 3200 2081 3267 'ut
2105 3191 2228 3296 sugam
2256 3217 2437 3294 capessere

447 3343 526 3395 cunr
536 3312 735 3421 equitibus
771 3338 838 3413 cog
816 3321 968 3387 ⁰.eretur
1026 3312 1068 3385 ln
1101 3311 1168 3386 hoc
1201 3311 1390 3385 certamine
1419 3311 1557 3386 Hirtius
1594 3313 1686 3387 circa
1713 3312 1938 3388 Praetorium
1973 3338 2137 3450 pugnans
2172 3310 2323 3406 cecidit3
2366 3323 2434 3389 tum

446 3437 632 3539 Augustus
658 3429 861 3527 adcurrens,
889 3431 1053 3507 Consulis
1079 3456 1226 3532 corpore
1251 3429 1416 3504 simulet
1442 3432 1564 3506 555515
1589 3432 1721 3533 potitus
1747 3457 1826 3507 esse
1849 3431 2040 3506 memoriae
2064 3430 2229 3533 proditur
2240 3432 2307 3530 24).
2349 3435 2435 3510 llaec

445 3555 594 3630 155551
618 3551 690 3626 duo
714 3550 786 3652 illa,
813 3550 941 3650 quibus
966 3550 1099 3625 bellum
1113 3549 1323 3624 Mutinense
1347 3548 1391 3623 ab
1416 3550 1580 3651 Augusto
1605 3549 1825 3645 coniectum
1829 3578 1907 3628 esse
1932 3548 2072 3648 dieitur,
2098 3553 2243 3652 praelia.

602 3667 916 3770 Saepenumero
903 3696 973 3770 qam
1005 3668 1168 3754 vidimus,
1205 3666 1259 3745 Μ.
1281 3667 1476 3743 Antonium
1506 3670 1748 3745 Triumvirum
1781 3671 1957 3747 exstitisse
1980 3670 2148 3771 Augusti,
2181 3672 2341 3774 collegae
2373 3674 2432 3768 sui,

449 3791 740 3870 conviciatorcmr
782 3787 915 3863 videsis
947 3786 2431 3890 5555111511.1.4.Ν.21.5.150.0511,5551555555151155

444 3911 651 3988 insectari
639 3906 880 4049 ignominiosis
911 3907 1112 3983 mendaciis.
1170 3907 1300 3981 Primis
1326 3905 1589 3983 Triumuiratus
1622 3907 1722 3983 annis
1754 3908 2023 4008 exprobravit‘
2007 3912 2127 4009 Juveni
2166 3909 2411 3988 timiditatis‘
2400 3938 2430 3986 ιι

445 4032 539 4105 bello
573 4029 650 4103 51·
639 4029 800 4131 ignaviae
829 4026 959 4101 511555
990 4033 1026 4101 51
1058 4024 1227 4101 dedecus.
1279 4024 1370 4100 (ium
1400 4027 1507 4127 igitur
1541 4026 1717 4104 Antonius
1756 4025 1799 4101 ad
1826 4028 1999 4102 Mutinam
2025 4054 2085 4103 res
2116 4030 2235 4105 suiuus
2269 4056 2430 4133 prospere

395 4225 397 4229 ,
446 4148 636 4249 gessisset,
667 4152 788 4221 55555
813 4145 1000 4246 Augustus
1029 4143 1148 4219 niuriis
1172 4141 1337 4218 laudibus
1363 4143 1576 4220 fortitudinis
1601 4147 1711 4221 elatus
1740 4157 1853 4243 esset,
1884 4171 2104 4248 nequaquam
2136 4150 2210 4223 veri
2240 4156 2298 4225 est
2332 4150 2430 4226 dissi·

445 4268 549 4360 mile,
598 4290 679 4338 eum
717 4262 785 4338 sibi
818 4288 971 4363 suaeque
1005 4260 1170 4338 fortunae
1201 4263 1397 4338 subiratum
1423 4263 1542 4338 invida
1577 4266 1723 4365 posthac
1753 4262 1893 4340 1511555
1925 4275 1962 4341 51
1993 4266 2174 4343 mendacio
2224 4265 2428 4373 disulgmse,

446 4386 651 4487 Augustum
684 4381 792 4482 priori
825 4407 967 4484 pugnae
1000 4382 1089 4486 iuga
1122 4408 1162 4457 se
1198 4381 1412 4458 subduxisse
1448 4389 1502 4480 et,
1543 4382 1583 4457 id
1616 4382 1711 4486 quod
1740 4377 1983 4486 turpissimum
2013 4397 2092 4462 erat
2118 4394 2154 4462 51
2177 4387 2429 4490 igncminics‘s·

446 4505 595 4598 simum,
646 4501 722 4577 sine
764 4500 1015 4602 paludamento
1056 4528 1213 4604 equoque
1254 4509 1338 4601 post
1372 4498 1520 4576 biduum
1560 4505 1698 4578 demum
1732 4505 1954 4604 apparuisse.
2016 4505 2098 4582 Non
2134 4513 2189 4582 est
2223 4508 2330 4610 huJus
2360 4508 2428 4600 lori,

446 4624 485 4697 15
519 4622 723 4697 universum
756 4647 947 4722 quaerere,
986 4626 1068 4723 jure
1097 4647 1142 4695 an
1177 4622 1309 4721 injuria
1339 4622 1460 4723 ignari
1489 4621 1671 4724 timidique
1703 4624 1809 4698 animi
1842 4624 1973 4700 crimen
2003 4627 2167 4728 Augusto
2201 4627 2257 4702 hle
2290 4637 2327 4703 51
2357 4628 2428 4702 elias

418 4797 422 4806 .
447 4739 652 4833 intenderit3
695 4738 762 4815 sed
783 4741 869 4817 bace
892 4740 1142 4817 1515515555
1167 4738 1338 4841 dissipata
1362 4739 1458 4840 apud
1478 4740 1654 4841 Populum
1677 4741 1975 4847 percrebruisset,
2009 4744 2194 4846 Augustus
2217 4747 2339 4836 'suum'
2361 4771 2430 4823 esse

514 5010 562 5078 22)
585 4991 683 5065 Priore
706 5013 797 5067 rtatim
820 5013 865 5066 115
887 5013 1027 5079 Augustus
1044 5011 1212 5083 Propraetor
1233 5029 1293 5067 eum
1314 5014 1419 5069 duobus
1469 5017 1598 5084 urumque
1618 5017 1653 5069 sd
1677 5016 1837 5072 Ciceronem
1852 5017 1983 5087 Epistolis
2010 5018 2080 5075 nibil
2101 5034 2267 5089 magnopere
2288 5011 2429 5086 lumb,

450 5095 614 5151 Consulibus
637 5111 654 5151 a
675 5094 808 5151 militibus
831 5098 896 5167 alne,
914 5114 1009 5166 pugna
1030 5101 1195 5165 Imperator
1211 5099 1342 5153 55151515
1359 5104 1414 5154 est:
1457 5102 1549 5170 :plura
1566 5107 1594 5155 et
1611 5102 1728 5156 certiora
1740 5102 1870 5172 ¹Appiano
1887 5109 2000 5173 accepta
2015 5103 2168 5160 referimus.
2359 5153 2361 5156 .

448 5196 475 5239 ι.
491 5182 662 5234 1155555551
678 5180 749 5234 11151.
766 5182 845 5235 1155.
863 5182 925 5238 Vol.
944 5182 965 5237 l.
983 5200 1010 5250 p.
1027 5182 1088 5238 sol.
1105 5184 1141 5241 N.
1159 5184 1203 5240 48.
1536 5183 1585 5252 24)
1608 5186 1684 5240 llaec
1701 5193 1794 5241 namet
1809 5186 1951 5256 Appiauus
1967 5187 2001 5244 B.
2019 5188 2052 5243 C.
2068 5188 2145 5243 Libr.
2162 5189 2210 5244 111.
2226 5205 2253 5245 c.
2270 5191 2314 5246 71.
2332 5192 2367 5245 ‹ls
2381 5194 2431 5245 lu·

517 5266 564 5332 23)
589 5267 678 5319 Multa
703 5264 748 5320 lrie
771 5264 891 5336 suppleri
913 5272 1030 5333 possunt
1056 5284 1088 5321 ae
1111 5269 1210 5322 debent
1233 5284 1273 5336 ex¹
1290 5268 1331 5322 eis
1349 5284 1418 5338 quae
1470 5262 1549 5336 gusto
1563 5271 1673 5339 eiusque
1684 5270 1798 5325 virtute:
1816 5271 1861 5340 qui
1873 5259 1954 5339 quum
1966 5272 2055 5327 addit:
2072 5268 2192 5340 irrepsi*
2206 5265 2304 5341 turer
2316 5268 2431 5335 ἔξεόιθι

447 5353 619 5409 Drumaunns
636 5350 708 5404 Hist.
724 5353 804 5407 Rom.
823 5350 885 5405 Vol.
902 5351 923 5403 l.
940 5366 966 5419 p·
983 5352 1036 5405 297
1052 5368 1110 5421 sqq.
1129 5353 1164 5405 de
1182 5353 1328 5408 Consulum
1344 5354 1418 5408 sata-
1469 5350 1539 5424 πρὸς
1553 5350 1704 5407 'sturton
1719 5370 1744 5411 ιι.
1756 5372 1780 5412 ι.
1792 5356 1817 5411 λ.
1841 5361 1870 5409 51
1887 5372 1956 5425 quae
1971 5356 2045 5411 1155
2060 5357 2090 5411 15
2107 5374 2166 5427 sqq.
2184 5375 2210 5417 e.
2226 5359 2273 5416 72.
2289 5358 2326 5413 de
2343 5360 2431 5415 coin

305 5446 307 5451 ·
449 5436 521 5489 libus
550 5434 587 5488 arl
611 5435 746 5490 Mutinam
772 5434 871 5505 pugnis
898 5431 1040 5500 ingeniose
1067 5440 1096 5487 et
1124 5437 1261 5491 subtiliter
1292 5438 1419 5492 disseruit
1469 5439 1586 5493 Antonio
1604 5441 1748 5494 memoriae
1765 5439 1856 5509 prodit
1866 5443 1941 5496 solus
1952 5441 2071 5508 emnium
2081 5442 2254 5512 scriptorum,
2270 5452 2432 5516 esempeen

295 5553 296 5557 =
436 5519 690 5595 ‘reiquepsrquam
707 5520 838 5574 obscurae
855 5518 943 5573 lucem
961 5517 1058 5573 attulit.
1092 5521 1136 5575 Ex
1152 5522 1231 5581 Serv.
1243 5524 1349 5578 Galbae
1367 5522 1419 5576 ali-
1469 5522 1595 5577 habetet
1612 5526 1646 5577 ab
1664 5523 1757 5577 amieis
1774 5517 1832 5591 ejus
1849 5526 1964 5580 conficta
1981 5543 2041 5583 esse
2055 5528 2431 5600 cemetDruruauuusVotl.

1246 5644 1258 5654 ·
1343 5629 1352 5635 ·
1469 5624 1498 5676 u.
1515 5607 1574 5663 308.
1592 5608 1628 5664 N.
1645 5610 1689 5664 05.
1714 5608 1783 5664 Mibi
1800 5626 1854 5664 nou
1871 5610 1971 5677 liquet!
