5717 6575
1189 647 1670 761 ιιιιιιιιιιιιιιιιι
2354 600 2430 741 ἰω

427 838 682 917 adversantem
715 756 783 912 sibi
815 836 957 938 suisque
992 836 1144 914 consiliis
1157 834 1224 935 ²⁰).
1276 782 1336 913 Ad
1367 837 1463 913 bunc
1495 837 1772 942 baugendma
1759 866 1866 944 mque
1898 844 2024 946 plagas
2056 833 2142 920 suas
2177 780 2430 947 conjiciendum

427 961 607 1037 neminem
620 958 791 1034 Cicerone
807 954 897 1032 vidit
914 959 1088 1057 aptiorem
1113 966 1149 1034 et
1172 957 1369 1034 fortiorem.
1420 957 1566 1034 Lubens
1590 959 1699 1063 igitur
1723 987 1764 1036 sc
1789 959 1835 1035 ad
1861 987 1944 1037 eum
1970 962 2051 1039 duci
2076 990 2203 1066 passus
2227 975 2293 1061 est,
2320 968 2428 1043 nibil·
2492 1033 2496 1045 .

428 1087 499 1184 que
523 1080 561 1157 in
586 1079 718 1153 artiore
742 1076 1002 1153 necessitudine
1027 1103 1109 1183 cnm
1134 1079 1209 1154 viro
1242 1085 1314 1152 tam
1346 1078 1450 1180 gravi
1482 1086 1625 1180 tamque
1660 1106 1781 1156 rerum
1814 1083 1926 1185 perito
1960 1082 2049 1161 vidit
2078 1084 2323 1205 impedimenti
2355 1112 2428 1188 quo

427 1202 546 1277 minus
569 1222 638 1274 sua
662 1197 808 1272 consilia
832 1195 1022 1297 aliquando
1048 1176 1316 1300 exsequeretur.
1367 1192 1518 1315 Neque
1524 1200 1584 1274 illa
1617 1191 1765 1276 societas
1798 1227 1880 1276 cum
1911 1209 2007 1277 tanto
2033 1203 2111 1279 viro
2137 1213 2173 1280 et
2198 1215 2337 1283 oratore
2362 1209 2429 1282 rite

427 1318 590 1423 quaesita
613 1326 650 1393 et
671 1319 820 1392 boneste
841 1316 929 1391 irrita
947 1317 1151 1420 Augusto
1134 1320 1257 1420 juveni
1282 1316 1450 1395 indecora
1481 1297 1559 1395 erat
1588 1327 1691 1422 atque
1714 1320 1895 1417 inusitata,
1930 1322 2008 1397 ιιι
1995 1348 2078 1423 rpse
2103 1325 2284 1401 consessus
2309 1336 2362 1401 est
2391 1313 2460 1401 in'

427 1440 539 1516 Libro
565 1437 732 1540 quopiam
756 1435 802 1512 de
821 1435 904 1510 Vita
928 1461 1007 1532 sua,
1035 1460 1141 1539 quem
1162 1439 1306 1539 respicit

401 1554 407 1559 ’
582 1557 613 1633 Ι.
641 1556 885 1631 Plutarchus
873 1582 913 1630 m
938 1556 1109 1657 Compar.
1128 1559 1313 1634 Demostb.
1340 1583 1423 1633 cum
1445 1558 1605 1633 Cicercn.
1633 1558 1762 1635 T..IV
1785 1564 1926 1660 pem.
1950 1560 2020 1638 R..
2009 1558 2098 1635 ·Ἡ
2114 1559 2187 1658 μὲν
2212 1554 2284 1638 οὖν
2308 1564 2349 1638 ἐν
2374 1571 2429 1663 τῷ

426 1676 660 1780 δημηγορεῖν
673 1703 738 1750 και
725 1670 1015 1749 nostradamus
1030 1672 1228 1775 δύναμις
1210 1675 1399 1774 ομαιοις
1375 1674 1603 1777 αμφοτέροις
1616 1674 1838 1778 ὑπῆρξεν,
1812 1675 1911 1753 ω’στι
1923 1677 1989 1754 καὶ
2000 1677 2159 1764 τούς-
2181 1678 2337 1781 κυρίους
2354 1679 2431 1756 δεῖ·
2575 1703 2581 1713 ’

428 1800 539 1892 σθαι,
563 1792 835 1892 Δημοσθένους
849 1788 1088 1892 μινΧιίρητοι
1098 1821 1163 1870 και
1150 1792 1387 1891 Διοπείθην
1402 1792 1721 1891 scameratam
1745 1794 2016 1902 Κικέρωνοςζιιε
2030 1796 2239 1898 Πομπήϊον
2254 1827 2320 1873 και
2307 1786 2430 1873 Καί-

428 1940 530 2018 σαρα
548 1912 618 1990 τὸν
637 1911 738 1999 νέον,
760 1909 812 1995 ὥς
835 1908 949 1994 αὐτὸς
974 1907 992 1986 c‘
1010 1894 1159 2014 Καῖσαρ
1186 1915 1229 1990 ιν
1246 1919 1325 1998 τοῖς
1345 1912 1439 2015 πρὸς
1450 1910 1662 2017 Ἀγρίππαν
1676 1912 1742 1990 καὶ
1757 1911 1971 2011 Μαικήναν
1987 1913 2259 2016 ὑπομνήμασιν
2272 1921 2430 2014 ι’ίρηκιν.

583 2032 668 2133 lpse
691 2033 802 2135 igitur
825 2033 894 2108 isto
921 2032 962 2105 in
986 2056 1095 2131 opere
1119 2032 1164 2108 de
1186 2034 1250 2108 bac
1271 2035 1370 2136 gravi
1395 2059 1477 2108 cum
1491 2033 1664 2111 Cicerone
1687 2035 1943 2112 necessitudine
1967 2030 2161 2138 scripserat
2185 2047 2223 2112 et
2247 2037 2430 2137 protessus
2537 2040 2541 2047 '

427 2157 558 2249 fuerat,
581 2152 651 2229 sibi
668 2178 759 2252 opus
773 2151 990 2228 luisseillius
1007 2175 1116 2251 opera
1132 2178 1174 2228 ac
1191 2152 1329 2228 dicendi
1354 2161 1430 2229 arte
1454 2153 1576 2255 reique
1600 2153 1762 2256 publicae
1786 2154 2083 2231 administrandae
2107 2158 2235 2258 peritia
2260 2182 2300 2231 se
2323 2182 2429 2231 usum

428 2300 534 2370 esse,
568 2270 737 2376 quamdiu
771 2297 793 2345 e
826 2279 1104 2366 recusasset,
1141 2272 1197 2348 Μ.
1221 2272 1415 2348 Αιιοιιιιι
1449 2272 1519 2350 arbi
1544 2272 1745 2350 obstantem
1777 2276 1899 2350 vexari
1927 2282 1962 2350 et
1992 2277 2157 2377 opprimi.
2208 2277 2331 2377 Neque
2363 2277 2430 2350 boc

431 2397 572 2471 miram.
598 2400 668 2469 est.
717 2390 799 2467 Non
826 2397 965 2492 poterat
994 2391 1182 2493 Augustus
1210 2392 1309 2467 illam
1339 2418 1422 2469 cum
1448 2393 1637 2470 Consulari
1667 2393 1943 2470 familiaritatem
1975 2394 2014 2469 iu
2047 2419 2114 2471 suo
2147 2420 2256 2497 opere
2291 2395 2430 2470 silentio

431 2513 637 2616 praeterire.
689 2511 779 2585 Veri
806 2511 900 2586 eninr
927 2511 1044 2586 simile
1068 2519 1134 2606 est,
1158 2535 1392 2613 magnacum
1417 2521 1608 2614 propterea
1631 2512 1806 2616 flagrasse
1831 2513 1927 2614 apud
1941 2514 2123 2590 Romanos
2138 2514 2267 2589 invidia
2281 2522 2318 2590 et
2334 2512 2429 2589 odio.

429 2633 538 2734 Quod
563 2631 683 2706 odium
708 2655 892 2705 commune
917 2637 1015 2704 tanto
1041 2633 1174 2729 majora
1198 2641 1381 2732 acceperat
1403 2635 1639 2730 incrementa,
1677 2641 1809 2735 quanto
1834 2632 1974 2708 foedior
2002 2640 2078 2708 erat
2108 2633 2318 2728 crudelitas,
2359 2659 2430 2772 qua
2559 2653 2563 2661 ·

430 2834 503 2948 odii
529 2869 731 2947 aviditatem
754 2870 980 2945 satiaverunt.
1030 2870 1125 2944 Vere
1152 2871 1246 2944 cnirrr
1270 2870 1397 2946 Florus
1419 2809 1522 2947 Libr.
1547 2872 1613 2947 IV.
1635 2876 1724 2951 cc.
1749 2885 1782 2965 ι.
1806 2876 1843 2949 5.
1867 2872 1936 2946 ait:
1974 2870 2139 2968 „Romae
2160 2873 2277 2973 capita
2301 2897 2428 2946 caeso·

428 3018 511 3068 rum
541 3014 740 3093 proponere
771 2988 809 3062 in
837 2986 1022 3064 Rostris
1009 3014 1081 3090 qam
1112 2990 1278 3064 usitatum
1308 2997 1562 3066 craterarum
1595 2992 1645 3066 sic
1681 3015 1823 3092 quoque
1855 2991 1979 3065 civitas
2009 2992 2171 3068 lacrimas
2201 3002 2323 3066 tenere
2353 3017 2426 3065 non

426 3112 563 3214 potuit,
595 3135 705 3210 quum
735 3110 888 3183 recisum
919 3118 1028 3207 caput
1056 3110 1094 3183 in
1122 3110 1190 3184 illis
1217 3111 1291 3185 suis
1315 3109 1456 3185 Rostris
1483 3110 1636 3208 videret,
1672 3137 1738 3186 nec
1763 3112 1866 3185 aliter
1895 3109 1941 3185 ad
1963 3108 2156 3186 videndum
2182 3137 2283 3207 cunr,
2318 3135 2426 3210 quarn

428 3232 475 3308 ad
501 3227 726 3324 audiendum,
751 3230 1016 3306 concurreret.“
1054 3223 1177 3328 'Quam
1202 3255 1313 3330 saepe
1334 3230 1430 3306 illius
1453 3255 1525 3306 vox
1551 3236 1603 3305 tot
1626 3256 1690 3331 per
1714 3256 1825 3306 annos
1848 3238 1886 3305 et
1907 3231 2092 3332 publicam·
2106 3230 2259 3307 civitatis
2285 3241 2323 3305 et
2347 3229 2426 3331 pri·
2523 3282 2529 3294 .
2554 3230 2559 3245 '

428 3360 547 3428 vatam
571 3350 699 3426 civimu
722 3349 869 3424 salutem
895 3350 1179 3425 conservaverat!
1223 3348 1398 3449 Quidquid
1420 3349 1674 3451 indignationis
1700 3350 1845 3449 iraeque
1872 3360 2106 3451 conceperunt
2130 3352 2301 3446 Romani,
2328 3350 2365 3423 id
2387 3352 2427 3424 in
2566 3393 2570 3402 ·

428 3474 633 3573 Augustum
658 3472 883 3569 conjecerunt
907 3469 1010 3570 eique
1033 3467 1167 3543 crimen
1191 3467 1329 3543 scelesti
1351 3468 1550 3572 ingratique
1573 3469 1681 3543 animi
1705 3469 1919 3567 objecerunt.
1964 3471 2159 3570 Propterea
2182 3468 2227 3543 de
2251 3469 2317 3543 bac
2342 3495 2424 3544 cum
2559 3535 2562 3552 ,

430 3592 600 3670 Cicerone
615 3586 869 3664 necessitudine
887 3594 923 3662 et
938 3588 1106 3663 sodetate
1120 3587 1200 3665 lusa
1215 3588 1403 3688 scripsisse
1421 3588 1619 3665 censendus
1642 3596 1708 3684 est,
1737 3590 1944 3688 praesertim
1966 3615 2047 3664 cunr
2066 3588 2213 3664 baberet
2233 3587 2361 3691 quibus
2386 3613 2426 3663 sc

428 3707 654 3805 defenderet,
675 3717 771 3784 certe
787 3734 889 3783 suam
906 3733 1085 3809 argaeum
1099 3705 1414 3809 agendirationem
1434 3715 1632 3784 excusaret.
1672 3706 1982 3807 Quemadmodum
1996 3709 2089 3783 enim
2105 3709 2229 3785 Cicero
2243 3717 2281 3784 et
2295 3717 2427 3809 suopte

428 3832 573 3935 ingenio
590 3838 625 3903 et
650 3828 695 3904 ab
719 3828 797 3903 aliis
821 3828 1008 3929 instigatus
1024 3834 1242 3927 nonpoterat
1256 3854 1328 3902 non
1344 3828 1479 3903 huncce
1491 3831 1662 3928 juvenem
1674 3835 1799 3929 utpote
1810 3827 2061 3912 Caesarianum
2081 3835 2247 3928 suspecto
2260 3828 2426 3928 excipere

429 3954 545 4027 animo
559 3947 706 4051 ejusque
716 3950 935 4047 juventutem
949 3947 1142 4047 suspiciose
1157 3972 1298 4049 regere3
1326 3947 1568 4050 itaAugustus
1582 3947 1693 4045 pmbe
1708 3948 1820 4021 sensit
1834 3946 2087 4048 praeciditque,
2108 3972 2177 4047 quo
2197 3945 2425 4049 potissimum

429 4072 576 4146 consilio
592 4071 652 4142 illc
665 4092 729 4142 sua
744 4091 854 4166 opera
870 4066 1013 4167 suisque
1025 4073 1264 4156 usurusesset
1281 4067 1404 4168 copiis.
1446 4065 1523 4142 Sed
1544 4064 1673 4161 tainen,
1699 4069 1862 4140 simulata
1883 4065 2023 4140 interim
2039 4065 2261 4164 Optiruatum
2284 4088 2424 4159 caussa,

429 4190 596 4293 sperabat
617 4188 708 4281 sore,
732 4194 773 4260 ut
795 4187 1029 4266 Consularem
1053 4184 1164 4279 illam,
1197 4193 1376 4286 potentem
1398 4183 1540 4287 quidern
1567 4186 1766 4280 Oratorem,
1801 4188 1917 4270 animo
1940 4193 2058 4259 autem
2081 4186 2288 4260 imbecillum
2310 4184 2426 4259 bomi-

430 4337 526 4406 nem,
553 4306 741 4383 simulandi
764 4305 1076 4407 dissimulandique
1083 4359 1095 4401 ,
1122 4304 1253 4406 quibus
1276 4306 1448 4407 pollebat,
1479 4304 1609 4381 artibus
1631 4307 1744 4380 serius
1770 4307 1868 4381 ocius
1895 4304 2071 4406 deciperet
2093 4331 2135 4380 ac
2159 4305 2212 4380 Μ.
2232 4304 2424 4380 Antonium
2502 4333 2510 4361 ·

429 4429 684 4505 Caesarianum
712 4425 827 4502 denuo
851 4451 954 4502 suam
978 4426 1018 4500 in
1047 4449 1208 4501 caussam
1231 4452 1448 4527 suorumque
1470 4426 1510 4499 in
1535 4426 1757 4505 consiliarum
1781 4425 2059 4500 communionem
2083 4424 2247 4500 traberet.
2298 4421 2423 4522 Neque

429 4573 495 4626 sua
518 4574 585 4649 spe
607 4547 794 4622 frustratus
819 4554 884 4624 est.
928 4543 1107 4645 Quamdiu
1131 4546 1227 4619 enim
1245 4545 1425 4621 Ciceronis
1452 4545 1586 4620 auxilio
1611 4544 1842 4640 utebatur,
1811 4572 1844 4619 er
1870 4546 2005 4645 privato
2031 4545 2160 4619 licebat
2179 4553 2303 4618 contra
2328 4542 2423 4615 illius
2559 4627 2563 4637 1

429 4668 514 4766 anni
537 4667 727 4742 Consulem
752 4669 946 4740 exercitum
968 4667 1106 4768 privato
1132 4666 1275 4740 consilio
1298 4690 1431 4767 suaque
1458 4665 1621 4763 impensa
1649 4647 1873 4763 comparare,
1908 4666 1987 4762 ejus
2018 4663 2241 4764 eloquentiae
2276 4659 2422 4735 artificio

427 4790 624 4862 honoratus
648 4794 704 4861 cst
727 4785 883 4885 equestri
908 4792 1023 4860 statua
1047 4791 1082 4860 et
1106 4784 1151 4860 ab
1176 4784 1329 4874 Senatu,
1352 4784 1520 4860 Cicerone
1547 4792 1707 4880 auctore,
1744 4810 1825 4857 cum
1842 4782 2055 4860 Consulibus
2080 4781 2126 4856 ad
2149 4806 2249 4888 arma
2248 4782 2325 4856 Μ.
2343 4783 2422 4854 An·

428 4907 526 4981 tonia
551 4906 637 4983 Cos.
667 4903 849 4980 inscrenda
878 4931 945 5005 pro
977 4906 1148 4980 Praetore
1181 4906 1314 4979 missus
1346 4904 1632 5002 est21)1rune
1667 4905 1760 4978 circa
1792 4903 1966 4978 Mutinam
1998 4926 2120 4977 meuse
2151 4902 2279 5039 Aprili
2306 4893 2422 4986 madio

428 5052 464 5103 a.
489 5027 536 5101 U.
559 5023 603 5102 C.
628 5030 717 5102 711.
742 5022 837 5098 fudit
856 5049 983 5124 resque
1008 5032 1081 5099 tam
1104 5033 1220 5100 astarte
1245 5023 1464 5127 provideque
1498 5022 1777 5117 administravit,
1816 5030 1857 5098 ut
1887 5023 2101 5136 Consulum,
2142 5022 2201 5121 qui
2236 5019 2340 5094 aurbu
2373 5046 2421 5091 ex

429 5145 565 5249 proelio
592 5143 850 5239 occubuissent,
877 5145 972 5218 solus
986 5146 1162 5219 exercitus
1180 5143 1339 5241 baberet,
1364 5145 1595 5245 Imperatoris
1620 5142 1763 5218 nomine
1785 5166 1807 5215 a
1822 5141 2001 5218 militibus
2026 5167 2090 5217 sac
2104 5139 2256 5221 tortasse
2270 5123 2421 5237 impulsu

497 5416 926 5489 20)Qnaelrl.panismc
900 5416 1023 5553 armoird
1025 5414 1253 5471 ιιιιιιιιιιιιιιι
1314 5430 1400 5469 nexus
1518 5413 1763 5483 2l)ilaccusirrsl
1771 5420 1933 5483 ,ntpnre
1918 5412 2315 5479 erarrrt,tactnirnnrnnut1>a
2318 5409 2420 5463 raia.

428 5504 519 5575 gran
546 5504 681 5571 attg
665 5502 854 5575 ιιιι,ι1ιι
856 5511 997 5555 sacam
1010 5432 1400 5569 rorsdrqusnr'rpncrne
1449 5501 1518 5555 Rom
1521 5499 1911 5569 .c..valparletaros
1899 5517 1957 5569 qq
1982 5483 2417 5567 etpztssqqclvllv

428 5593 573 5646 ιιιοιιιιι
596 5588 779 5642 esrtDumau
782 5518 1016 5646 nbaHistRo'm
1010 5518 1399 5661 ¹luhloll..s.‚.1r117qqcl
1451 5584 1622 5654 p.s.257qq

427 5674 748 5744 mffip.fflm.
