<?xml version="1.0" encoding="UTF-8"?>
<!DOCTYPE html PUBLIC "-//W3C//DTD XHTML 1.0 Transitional//EN"
    "http://www.w3.org/TR/xhtml1/DTD/xhtml1-transitional.dtd">
<html xmlns="http://www.w3.org/1999/xhtml" xml:lang="en" lang="en">
 <head>
  <title>
</title>
<meta http-equiv="Content-Type" content="text/html;charset=utf-8" />
  <meta name='ocr-system' content='tesseract 3.04.00' />
  <meta name='ocr-capabilities' content='ocr_page ocr_carea ocr_par ocr_line ocrx_word'/>
</head>
<body>
  <div class='ocr_page' id='page_1' title='image "./imperatoriscaes00weicgoog_0224.png"; bbox 0 0 5717 6575; ppageno 0'>
   <div class='ocr_carea' id='block_1_1' title="bbox 440 567 1901 707">
    <p class='ocr_par' dir='ltr' id='par_1_1' title="bbox 440 567 1901 707">
     <span class='ocr_line' id='line_1_1' title="bbox 440 567 1901 707; baseline -0.013 -25"><span class='ocrx_word' id='word_1_1' title='bbox 440 614 518 691; x_wconf 70' lang='lat' dir='ltr'><strong>mo</strong></span> <span class='ocrx_word' id='word_1_2' title='bbox 882 694 886 707; x_wconf 19' lang='lat'>³</span> <span class='ocrx_word' id='word_1_3' title='bbox 1152 599 1192 673; x_wconf 85' lang='lat' dir='ltr'><strong>v.</strong></span> <span class='ocrx_word' id='word_1_4' title='bbox 1213 599 1273 670; x_wconf 83' lang='lat' dir='ltr'><strong>os</strong></span> <span class='ocrx_word' id='word_1_5' title='bbox 1296 591 1765 687; x_wconf 73' lang='lat' dir='ltr'><strong>crnssarsuoeusm-</strong></span> <span class='ocrx_word' id='word_1_6' title='bbox 1893 567 1901 582; x_wconf 87' lang='lat'>&#39;</span> 
     </span>
    </p>
   </div>
   <div class='ocr_carea' id='block_1_2' title="bbox 325 774 2504 1975">
    <p class='ocr_par' dir='ltr' id='par_1_2' title="bbox 325 774 2504 1963">
     <span class='ocr_line' id='line_1_2' title="bbox 449 774 2440 893; baseline -0.004 -21"><span class='ocrx_word' id='word_1_7' title='bbox 449 808 452 813; x_wconf 87' lang='grc'><strong>’</strong></span> <span class='ocrx_word' id='word_1_8' title='bbox 489 846 492 854; x_wconf 70' lang='lat'><em>›</em></span> <span class='ocrx_word' id='word_1_9' title='bbox 518 774 520 779; x_wconf 30' lang='lat'><strong>¹</strong></span> <span class='ocrx_word' id='word_1_10' title='bbox 593 783 1045 891; x_wconf 61' lang='lat' dir='ltr'><strong>XV.&#39;Appianus‚lllyric.</strong></span> <span class='ocrx_word' id='word_1_11' title='bbox 1071 793 1207 867; x_wconf 83' lang='grc' dir='ltr'><strong>ο.14.ι</strong></span> <span class='ocrx_word' id='word_1_12' title='bbox 1238 784 1303 864; x_wconf 72' lang='lat' dir='ltr'><strong>To</strong></span> <span class='ocrx_word' id='word_1_13' title='bbox 1320 784 1399 887; x_wconf 80' lang='grc' dir='ltr'><strong>Ιμὲν</strong></span> <span class='ocrx_word' id='word_1_14' title='bbox 1424 784 1473 883; x_wconf 77' lang='grc' dir='ltr'><strong>δὴ</strong></span> <span class='ocrx_word' id='word_1_15' title='bbox 1500 782 1617 863; x_wconf 87' lang='grc' dir='ltr'><strong><em>πόλαι</em></strong></span> <span class='ocrx_word' id='word_1_16' title='bbox 1642 793 1812 863; x_wconf 83' lang='grc' dir='ltr'><strong><em>τοσαῦτα</em></strong></span> <span class='ocrx_word' id='word_1_17' title='bbox 1836 783 1922 893; x_wconf 83' lang='grc' dir='ltr'><strong><em>περὶ</em></strong></span> <span class='ocrx_word' id='word_1_18' title='bbox 1948 791 2136 888; x_wconf 76' lang='grc' dir='ltr'><strong><em>Ἰλλυριῶν</em></strong></span> <span class='ocrx_word' id='word_1_19' title='bbox 2158 784 2224 865; x_wconf 82' lang='grc' dir='ltr'><strong>καὶ</strong></span> <span class='ocrx_word' id='word_1_20' title='bbox 2254 783 2440 864; x_wconf 76' lang='grc' dir='ltr'><strong><em>Παιόνων</em></strong></span> 
     </span>
     <span class='ocr_line' id='line_1_3' title="bbox 441 896 2441 1012; baseline -0.005 -20"><span class='ocrx_word' id='word_1_21' title='bbox 441 918 553 1012; x_wconf 72' lang='grc' dir='ltr'><strong><em>’ἔσχον</em></strong></span> <span class='ocrx_word' id='word_1_22' title='bbox 578 910 714 1012; x_wconf 79' lang='grc' dir='ltr'><em>εὑρεῖν.</em></span> <span class='ocrx_word' id='word_1_23' title='bbox 757 908 824 983; x_wconf 83' lang='grc' dir='ltr'><strong><em>Ἔν</em></strong></span> <span class='ocrx_word' id='word_1_24' title='bbox 857 903 899 983; x_wconf 72' lang='grc' dir='ltr'><strong>δι’</strong></span> <span class='ocrx_word' id='word_1_25' title='bbox 927 912 1006 992; x_wconf 80' lang='grc' dir='ltr'><strong><em>τοῖς</em></strong></span> <span class='ocrx_word' id='word_1_26' title='bbox 1040 902 1286 1006; x_wconf 81' lang='grc' dir='ltr'><strong><em>ὑπομνήμασι</em></strong></span> <span class='ocrx_word' id='word_1_27' title='bbox 1316 912 1387 982; x_wconf 81' lang='grc' dir='ltr'><strong>τοῦ</strong></span> <span class='ocrx_word' id='word_1_28' title='bbox 1422 896 1603 1006; x_wconf 80' lang='grc' dir='ltr'><strong><em>δευτόρου</em></strong></span> <span class='ocrx_word' id='word_1_29' title='bbox 1628 904 1839 1008; x_wconf 82' lang='grc' dir='ltr'><strong><em>Καίσαρος,</em></strong></span> <span class='ocrx_word' id='word_1_30' title='bbox 1870 912 1946 1009; x_wconf 82' lang='grc' dir='ltr'><strong>τοῦ</strong></span> <span class='ocrx_word' id='word_1_31' title='bbox 1967 904 2188 1002; x_wconf 75' lang='grc' dir='ltr'><strong><em>’κληθέντος</em></strong></span> <span class='ocrx_word' id='word_1_32' title='bbox 2222 901 2441 1007; x_wconf 82' lang='grc' dir='ltr'><strong><em>Σεβαστοῦ,</em></strong></span> 
     </span>
     <span class='ocr_line' id='line_1_4' title="bbox 440 1016 2496 1131; baseline -0.007 -21"><span class='ocrx_word' id='word_1_33' title='bbox 440 1028 690 1128; x_wconf 74' lang='grc' dir='ltr'><strong><em>παλαιότερον</em></strong></span> <span class='ocrx_word' id='word_1_34' title='bbox 713 1025 786 1129; x_wconf 79' lang='grc' dir='ltr'><strong><em>μὲν</em></strong></span> <span class='ocrx_word' id='word_1_35' title='bbox 809 1023 924 1102; x_wconf 78' lang='grc' dir='ltr'><strong><em>οὐδὲν</em></strong></span> <span class='ocrx_word' id='word_1_36' title='bbox 947 1023 1034 1102; x_wconf 77' lang='grc' dir='ltr'><strong>οὐδ’</strong></span> <span class='ocrx_word' id='word_1_37' title='bbox 1064 1025 1106 1101; x_wconf 76' lang='grc' dir='ltr'><strong><em>ἒν</em></strong></span> <span class='ocrx_word' id='word_1_38' title='bbox 1130 1021 1252 1108; x_wconf 72' lang='lat' dir='ltr'><strong>saiada</strong></span> <span class='ocrx_word' id='word_1_39' title='bbox 1278 1020 1363 1125; x_wconf 82' lang='grc' dir='ltr'><strong><em>περὶ</em></strong></span> <span class='ocrx_word' id='word_1_40' title='bbox 1386 1020 1574 1100; x_wconf 78' lang='grc' dir='ltr'><strong><em>Παιόνων</em></strong></span> <span class='ocrx_word' id='word_1_41' title='bbox 1600 1016 1727 1126; x_wconf 87' lang='grc' dir='ltr'><strong><em>εὗρον.</em></strong></span> <span class='ocrx_word' id='word_1_42' title='bbox 2489 1125 2496 1131; x_wconf 32' lang='grc'><strong>-</strong></span> 
     </span>
     <span class='ocr_line' id='line_1_5' title="bbox 325 1133 2444 1245; baseline -0.002 -21"><span class='ocrx_word' id='word_1_43' title='bbox 325 1230 328 1235; x_wconf 9' lang='grc' dir='ltr'><strong>Α</strong></span> <span class='ocrx_word' id='word_1_44' title='bbox 436 1154 439 1159; x_wconf 82' lang='grc'><strong>’</strong></span> <span class='ocrx_word' id='word_1_45' title='bbox 514 1188 517 1201; x_wconf 40' lang='lat' dir='ltr'><strong>r</strong></span> <span class='ocrx_word' id='word_1_46' title='bbox 598 1150 759 1224; x_wconf 87' lang='lat' dir='ltr'><strong>Paeones</strong></span> <span class='ocrx_word' id='word_1_47' title='bbox 793 1152 876 1222; x_wconf 91' lang='lat' dir='ltr'><strong>sunt</strong></span> <span class='ocrx_word' id='word_1_48' title='bbox 906 1145 1101 1240; x_wconf 85' lang='lat' dir='ltr'><strong>Pannonii,</strong></span> <span class='ocrx_word' id='word_1_49' title='bbox 1136 1152 1176 1218; x_wconf 89' lang='lat' dir='ltr'><strong>nt</strong></span> <span class='ocrx_word' id='word_1_50' title='bbox 1201 1142 1331 1219; x_wconf 81' lang='lat' dir='ltr'>ibidem</span> <span class='ocrx_word' id='word_1_51' title='bbox 1355 1144 1542 1245; x_wconf 82' lang='lat' dir='ltr'><strong>Appianas</strong></span> <span class='ocrx_word' id='word_1_52' title='bbox 1566 1153 1707 1223; x_wconf 84' lang='lat' dir='ltr'><strong>monet:</strong></span> <span class='ocrx_word' id='word_1_53' title='bbox 1739 1133 1910 1230; x_wconf 82' lang='grc' dir='ltr'><strong><em>Παίονες</em></strong></span> <span class='ocrx_word' id='word_1_54' title='bbox 1935 1139 2007 1241; x_wconf 78' lang='grc' dir='ltr'><strong><em>μὲν</em></strong></span> <span class='ocrx_word' id='word_1_55' title='bbox 2040 1139 2116 1219; x_wconf 80' lang='grc' dir='ltr'><strong>ὑπὸ</strong></span> <span class='ocrx_word' id='word_1_56' title='bbox 2148 1149 2230 1221; x_wconf 82' lang='grc' dir='ltr'><strong><em>τῶν</em></strong></span> <span class='ocrx_word' id='word_1_57' title='bbox 2251 1136 2444 1239; x_wconf 73' lang='grc' dir='ltr'><strong><em>Ἑλλήνων</em></strong></span> 
     </span>
     <span class='ocr_line' id='line_1_6' title="bbox 442 1260 2444 1373; baseline -0.003 -27"><span class='ocrx_word' id='word_1_58' title='bbox 442 1266 636 1373; x_wconf 71' lang='grc' dir='ltr'><strong><em>λεγόμενοι</em></strong></span> <span class='ocrx_word' id='word_1_59' title='bbox 659 1264 725 1341; x_wconf 80' lang='grc' dir='ltr'><strong>καὶ</strong></span> <span class='ocrx_word' id='word_1_60' title='bbox 744 1260 950 1362; x_wconf 80' lang='grc' dir='ltr'><strong><em>Ῥωμαϊστὶ</em></strong></span> <span class='ocrx_word' id='word_1_61' title='bbox 973 1261 1199 1340; x_wconf 87' lang='grc' dir='ltr'><strong><em>Παννόνιοι.</em></strong></span> <span class='ocrx_word' id='word_1_62' title='bbox 1249 1263 1325 1337; x_wconf 86' lang='lat' dir='ltr'><strong>llos</strong></span> <span class='ocrx_word' id='word_1_63' title='bbox 1351 1264 1506 1365; x_wconf 92' lang='lat' dir='ltr'><strong>aliosque</strong></span> <span class='ocrx_word' id='word_1_64' title='bbox 1524 1263 1656 1362; x_wconf 84' lang='lat' dir='ltr'><strong>Illyrici</strong></span> <span class='ocrx_word' id='word_1_65' title='bbox 1680 1265 1832 1364; x_wconf 87' lang='lat' dir='ltr'><strong>populos</strong></span> <span class='ocrx_word' id='word_1_66' title='bbox 1851 1263 2022 1337; x_wconf 88' lang='lat' dir='ltr'><strong>Romanis</strong></span> <span class='ocrx_word' id='word_1_67' title='bbox 2043 1267 2120 1364; x_wconf 90' lang='lat' dir='ltr'><strong>jam</strong></span> <span class='ocrx_word' id='word_1_68' title='bbox 2141 1273 2221 1341; x_wconf 86' lang='lat' dir='ltr'><strong>ante</strong></span> <span class='ocrx_word' id='word_1_69' title='bbox 2238 1262 2444 1367; x_wconf 86' lang='lat' dir='ltr'><strong>Augustum</strong></span> 
     </span>
     <span class='ocr_line' id='line_1_7' title="bbox 433 1378 2442 1585; baseline -0.002 -123"><span class='ocrx_word' id='word_1_70' title='bbox 433 1380 619 1490; x_wconf 78' lang='lat' dir='ltr'><strong>subjectos</strong></span> <span class='ocrx_word' id='word_1_71' title='bbox 644 1386 759 1460; x_wconf 88' lang='lat' dir='ltr'><strong>fuisse</strong></span> <span class='ocrx_word' id='word_1_72' title='bbox 785 1391 821 1457; x_wconf 93' lang='lat' dir='ltr'><strong>ct</strong></span> <span class='ocrx_word' id='word_1_73' title='bbox 845 1384 1026 1526; x_wconf 87' lang='lat' dir='ltr'><strong>paruisse,</strong></span> <span class='ocrx_word' id='word_1_74' title='bbox 1053 1387 1214 1458; x_wconf 81' lang='lat' dir='ltr'><strong>constare</strong></span> <span class='ocrx_word' id='word_1_75' title='bbox 1216 1381 1381 1585; x_wconf 61' lang='lat' dir='ltr'><strong>gquidem</strong></span> <span class='ocrx_word' id='word_1_76' title='bbox 1416 1380 1549 1456; x_wconf 84' lang='lat' dir='ltr'><strong>fatetur</strong></span> <span class='ocrx_word' id='word_1_77' title='bbox 1574 1382 1760 1483; x_wconf 81' lang='lat' dir='ltr'><strong>Appianas</strong></span> <span class='ocrx_word' id='word_1_78' title='bbox 1786 1409 1819 1458; x_wconf 88' lang='lat' dir='ltr'><strong>c.</strong></span> <span class='ocrx_word' id='word_1_79' title='bbox 1840 1386 1901 1458; x_wconf 87' lang='lat'><strong>15.</strong></span> <span class='ocrx_word' id='word_1_80' title='bbox 1922 1389 1957 1457; x_wconf 89' lang='lat' dir='ltr'><strong>et</strong></span> <span class='ocrx_word' id='word_1_81' title='bbox 1980 1383 2115 1523; x_wconf 70' lang='lat' dir='ltr'><strong>pergite</strong></span> <span class='ocrx_word' id='word_1_82' title='bbox 2139 1381 2205 1459; x_wconf 82' lang='grc' dir='ltr'><strong>καὶ</strong></span> <span class='ocrx_word' id='word_1_83' title='bbox 2230 1380 2334 1466; x_wconf 78' lang='grc' dir='ltr'><strong><em>ὅπως</em></strong></span> <span class='ocrx_word' id='word_1_84' title='bbox 2358 1378 2442 1480; x_wconf 68' lang='grc' dir='ltr'><strong><em>μὲν,</em></strong></span> 
     </span>
     <span class='ocr_line' id='line_1_8' title="bbox 441 1495 2444 1608; baseline 0.001 -34"><span class='ocrx_word' id='word_1_85' title='bbox 441 1504 514 1583; x_wconf 76' lang='grc' dir='ltr'><strong>οὐκ</strong></span> <span class='ocrx_word' id='word_1_86' title='bbox 539 1504 675 1608; x_wconf 69' lang='grc' dir='ltr'><strong><em>ἔγνων.</em></strong></span> <span class='ocrx_word' id='word_1_87' title='bbox 730 1498 787 1579; x_wconf 81' lang='grc' dir='ltr'><strong>Οὐ</strong></span> <span class='ocrx_word' id='word_1_88' title='bbox 814 1495 889 1602; x_wconf 72' lang='grc' dir='ltr'><strong><em>γὰρ</em></strong></span> <span class='ocrx_word' id='word_1_89' title='bbox 916 1496 1111 1599; x_wconf 79' lang='grc' dir='ltr'><strong><em>ἀλλοτρίας</em></strong></span> <span class='ocrx_word' id='word_1_90' title='bbox 1135 1495 1236 1599; x_wconf 88' lang='grc' dir='ltr'><strong><em>προίξ</em></strong></span> <span class='ocrx_word' id='word_1_91' title='bbox 1236 1527 1286 1584; x_wconf 85' lang='grc' dir='ltr'><strong>εις</strong></span> <span class='ocrx_word' id='word_1_92' title='bbox 1312 1496 1563 1598; x_wconf 78' lang='grc' dir='ltr'><strong><em>ὅΣιβαστός,</em></strong></span> <span class='ocrx_word' id='word_1_93' title='bbox 1590 1497 1756 1574; x_wconf 75' lang='grc' dir='ltr'><strong><em>ἀλλὰ</em></strong></span> <span class='ocrx_word' id='word_1_94' title='bbox 1711 1527 1780 1584; x_wconf 87' lang='grc' dir='ltr'><strong>τας</strong></span> <span class='ocrx_word' id='word_1_95' title='bbox 1806 1500 1944 1576; x_wconf 80' lang='grc' dir='ltr'><strong><em>ἑαυτοῦ</em></strong></span> <span class='ocrx_word' id='word_1_96' title='bbox 1971 1498 2222 1604; x_wconf 70' lang='grc' dir='ltr'><strong><em>συνέγραφεν.</em></strong></span> <span class='ocrx_word' id='word_1_97' title='bbox 2270 1501 2311 1577; x_wconf 89' lang='lat' dir='ltr'><strong>Is</strong></span> <span class='ocrx_word' id='word_1_98' title='bbox 2337 1527 2444 1603; x_wconf 87' lang='lat' dir='ltr'><strong>quam</strong></span> 
     </span>
     <span class='ocr_line' id='line_1_9' title="bbox 442 1600 2504 1810; baseline 0 -111"><span class='ocrx_word' id='word_1_99' title='bbox 442 1622 630 1727; x_wconf 84' lang='lat' dir='ltr'><strong>magnifice</strong></span> <span class='ocrx_word' id='word_1_100' title='bbox 657 1644 833 1743; x_wconf 82' lang='lat' dir='ltr'><strong>quamque</strong></span> <span class='ocrx_word' id='word_1_101' title='bbox 860 1617 1042 1692; x_wconf 85' lang='lat' dir='ltr'><strong>ambitiose</strong></span> <span class='ocrx_word' id='word_1_102' title='bbox 1068 1619 1114 1692; x_wconf 91' lang='lat' dir='ltr'><strong>de</strong></span> <span class='ocrx_word' id='word_1_103' title='bbox 1139 1619 1247 1694; x_wconf 79' lang='lat' dir='ltr'><strong>rebus</strong></span> <span class='ocrx_word' id='word_1_104' title='bbox 1272 1643 1294 1692; x_wconf 90' lang='lat' dir='ltr'><strong>a</strong></span> <span class='ocrx_word' id='word_1_105' title='bbox 1319 1643 1360 1693; x_wconf 87' lang='lat' dir='ltr'><strong>se</strong></span> <span class='ocrx_word' id='word_1_106' title='bbox 1383 1619 1435 1693; x_wconf 89' lang='lat' dir='ltr'><strong>ibi</strong></span> <span class='ocrx_word' id='word_1_107' title='bbox 1453 1620 1567 1810; x_wconf 79' lang='lat' dir='ltr'><strong>gestis</strong></span> <span class='ocrx_word' id='word_1_108' title='bbox 1592 1620 1806 1718; x_wconf 81' lang='lat' dir='ltr'><strong>exposuerit,</strong></span> <span class='ocrx_word' id='word_1_109' title='bbox 1830 1617 1987 1693; x_wconf 87' lang='lat' dir='ltr'><strong>indicant</strong></span> <span class='ocrx_word' id='word_1_110' title='bbox 2004 1618 2155 1719; x_wconf 88' lang='lat' dir='ltr'><strong>Appiani</strong></span> <span class='ocrx_word' id='word_1_111' title='bbox 2180 1620 2287 1695; x_wconf 85' lang='lat' dir='ltr'><strong>rerba</strong></span> <span class='ocrx_word' id='word_1_112' title='bbox 2311 1600 2504 1699; x_wconf 80' lang='grc' dir='ltr'><strong>ιι.16.ιΙ</strong></span> 
     </span>
     <span class='ocr_line' id='line_1_10' title="bbox 438 1719 2445 1878; baseline -0.002 -62.966"><span class='ocrx_word' id='word_1_113' title='bbox 438 1741 493 1819; x_wconf 83' lang='lat'><strong>‘0</strong></span> <span class='ocrx_word' id='word_1_114' title='bbox 519 1738 561 1815; x_wconf 77' lang='lat' dir='ltr'><strong>dd</strong></span> <span class='ocrx_word' id='word_1_115' title='bbox 587 1735 827 1838; x_wconf 78' lang='grc' dir='ltr'><strong><em>Σεβαστὸς</em></strong></span> <span class='ocrx_word' id='word_1_116' title='bbox 813 1731 941 1810; x_wconf 82' lang='grc' dir='ltr'><strong><em>πάντα</em></strong></span> <span class='ocrx_word' id='word_1_117' title='bbox 967 1732 1191 1878; x_wconf 73' lang='grc' dir='ltr'><strong><em>ἐχειρώσατο</em></strong></span> <span class='ocrx_word' id='word_1_118' title='bbox 1219 1737 1375 1818; x_wconf 76' lang='grc' dir='ltr'><strong><em>ἐντελῶς</em></strong></span> <span class='ocrx_word' id='word_1_119' title='bbox 1400 1734 1466 1810; x_wconf 84' lang='grc' dir='ltr'><strong>καὶ</strong></span> <span class='ocrx_word' id='word_1_120' title='bbox 1492 1738 1533 1813; x_wconf 93' lang='grc' dir='ltr'><strong><em>ν</em></strong></span> <span class='ocrx_word' id='word_1_121' title='bbox 1556 1735 1761 1835; x_wconf 80' lang='grc' dir='ltr'><strong><em>παραβολῃ</em></strong></span> <span class='ocrx_word' id='word_1_122' title='bbox 1786 1743 1852 1830; x_wconf 81' lang='grc' dir='ltr'><strong>τῆς</strong></span> <span class='ocrx_word' id='word_1_123' title='bbox 1875 1734 2060 1835; x_wconf 79' lang='grc' dir='ltr'><strong><em>ἀπραξίας</em></strong></span> <span class='ocrx_word' id='word_1_124' title='bbox 2079 1734 2307 1839; x_wconf 63' lang='lat' dir='ltr'><strong>Aurcom&#39;ov,</strong></span> <span class='ocrx_word' id='word_1_125' title='bbox 2334 1719 2445 1814; x_wconf 81' lang='grc' dir='ltr'><strong><em>κατε-</em></strong></span> 
     </span>
     <span class='ocr_line' id='line_1_11' title="bbox 444 1849 2443 1975; baseline -0.002 -39"><span class='ocrx_word' id='word_1_126' title='bbox 444 1855 621 1975; x_wconf 71' lang='grc' dir='ltr'><strong><em>λογίσατο</em></strong></span> <span class='ocrx_word' id='word_1_127' title='bbox 646 1863 692 1954; x_wconf 78' lang='grc' dir='ltr'><strong>τῇ</strong></span> <span class='ocrx_word' id='word_1_128' title='bbox 717 1855 912 1954; x_wconf 79' lang='grc' dir='ltr'><strong><em>βουλῇ,τ</em></strong></span> <span class='ocrx_word' id='word_1_129' title='bbox 889 1849 962 1948; x_wconf 77' lang='grc' dir='ltr'><strong><em>τὴν</em></strong></span> <span class='ocrx_word' id='word_1_130' title='bbox 981 1851 1189 1930; x_wconf 81' lang='grc' dir='ltr'><strong><em>Ἰταλίαν</em></strong></span> <span class='ocrx_word' id='word_1_131' title='bbox 1167 1850 1362 1954; x_wconf 65' lang='lat' dir='ltr'><strong>opsequium</strong></span> <span class='ocrx_word' id='word_1_132' title='bbox 1391 1850 1599 1952; x_wconf 76' lang='grc' dir='ltr'><strong><em>δυςμοίχιον</em></strong></span> <span class='ocrx_word' id='word_1_133' title='bbox 1624 1855 1764 1931; x_wconf 71' lang='grc' dir='ltr'><strong><em>ἐθνῶν.</em></strong></span> <span class='ocrx_word' id='word_1_134' title='bbox 1825 1855 1870 1929; x_wconf 95' lang='lat' dir='ltr'><strong>In</strong></span> <span class='ocrx_word' id='word_1_135' title='bbox 1905 1854 1973 1930; x_wconf 90' lang='lat' dir='ltr'><strong>boc</strong></span> <span class='ocrx_word' id='word_1_136' title='bbox 2005 1856 2094 1930; x_wconf 91' lang='lat' dir='ltr'><strong>bello</strong></span> <span class='ocrx_word' id='word_1_137' title='bbox 2127 1881 2168 1930; x_wconf 90' lang='lat' dir='ltr'><strong>se</strong></span> <span class='ocrx_word' id='word_1_138' title='bbox 2201 1856 2329 1931; x_wconf 80' lang='lat' dir='ltr'><strong>fortem</strong></span> <span class='ocrx_word' id='word_1_139' title='bbox 2360 1883 2443 1932; x_wconf 88' lang='lat' dir='ltr'><strong>sane</strong></span> 
     </span>
    </p>
   </div>
   <div class='ocr_carea' id='block_1_3' title="bbox 291 1964 2444 2082">
    <p class='ocr_par' dir='ltr' id='par_1_3' title="bbox 291 1964 2444 2082">
     <span class='ocr_line' id='line_1_12' title="bbox 291 1964 2444 2082; baseline -0.001 -29"><span class='ocrx_word' id='word_1_140' title='bbox 291 1964 295 1969; x_wconf 33' lang='lat'>⁸</span> <span class='ocrx_word' id='word_1_141' title='bbox 443 2001 667 2082; x_wconf 79' lang='lat' dir='ltr'><strong>gnavumque</strong></span> <span class='ocrx_word' id='word_1_142' title='bbox 691 1980 852 2076; x_wconf 82' lang='lat' dir='ltr'><strong>gesserat</strong></span> <span class='ocrx_word' id='word_1_143' title='bbox 882 1970 1022 2067; x_wconf 89' lang='lat' dir='ltr'><strong>ducem,</strong></span> <span class='ocrx_word' id='word_1_144' title='bbox 1048 1973 1288 2073; x_wconf 88' lang='lat' dir='ltr'><strong>praesertim&#39;</strong></span> <span class='ocrx_word' id='word_1_145' title='bbox 1278 1999 1315 2046; x_wconf 90' lang='grc' dir='ltr'><strong>ιιι</strong></span> <span class='ocrx_word' id='word_1_146' title='bbox 1328 1981 1463 2051; x_wconf 73' lang='lat' dir='ltr'><strong>Mutati</strong></span> <span class='ocrx_word' id='word_1_147' title='bbox 1487 1973 1586 2048; x_wconf 91' lang='lat' dir='ltr'><strong>urbis</strong></span> <span class='ocrx_word' id='word_1_148' title='bbox 1611 1974 1886 2076; x_wconf 83' lang='lat' dir='ltr'><strong>oppugnatione,</strong></span> <span class='ocrx_word' id='word_1_149' title='bbox 1913 1983 1954 2049; x_wconf 91' lang='grc' dir='ltr'><strong>ιι1</strong></span> <span class='ocrx_word' id='word_1_150' title='bbox 1977 2001 2024 2049; x_wconf 85' lang='lat' dir='ltr'><strong>cx</strong></span> <span class='ocrx_word' id='word_1_151' title='bbox 2049 1975 2162 2075; x_wconf 86' lang='lat' dir='ltr'><strong>ipsius</strong></span> <span class='ocrx_word' id='word_1_152' title='bbox 2178 1974 2334 2076; x_wconf 81' lang='lat' dir='ltr'><strong>Augusti</strong></span> <span class='ocrx_word' id='word_1_153' title='bbox 2360 2000 2444 2052; x_wconf 83' lang='lat' dir='ltr'><strong>nar-</strong></span> 
     </span>
    </p>
   </div>
   <div class='ocr_carea' id='block_1_4' title="bbox 335 2091 2494 4106">
    <p class='ocr_par' dir='ltr' id='par_1_4' title="bbox 335 2091 2494 3622">
     <span class='ocr_line' id='line_1_13' title="bbox 443 2091 2444 2231; baseline -0.002 -58"><span class='ocrx_word' id='word_1_154' title='bbox 443 2099 577 2173; x_wconf 90' lang='lat' dir='ltr'><strong>ratione</strong></span> <span class='ocrx_word' id='word_1_155' title='bbox 602 2095 723 2169; x_wconf 86' lang='lat' dir='ltr'><strong>retulit</strong></span> <span class='ocrx_word' id='word_1_156' title='bbox 747 2093 935 2231; x_wconf 78' lang='lat' dir='ltr'><strong>Appianas</strong></span> <span class='ocrx_word' id='word_1_157' title='bbox 959 2117 991 2166; x_wconf 87' lang='lat' dir='ltr'><strong>c.</strong></span> <span class='ocrx_word' id='word_1_158' title='bbox 1012 2095 1075 2168; x_wconf 84' lang='lat'><strong>20.</strong></span> <span class='ocrx_word' id='word_1_159' title='bbox 1125 2091 1193 2165; x_wconf 89' lang='lat' dir='ltr'><strong>Illa</strong></span> <span class='ocrx_word' id='word_1_160' title='bbox 1219 2091 1316 2187; x_wconf 89' lang='lat' dir='ltr'><strong>urbs,</strong></span> <span class='ocrx_word' id='word_1_161' title='bbox 1343 2099 1450 2192; x_wconf 89' lang='lat' dir='ltr'><strong>caput</strong></span> <span class='ocrx_word' id='word_1_162' title='bbox 1471 2091 1663 2192; x_wconf 78' lang='lat' dir='ltr'><strong>iapydum,</strong></span> <span class='ocrx_word' id='word_1_163' title='bbox 1691 2118 1818 2195; x_wconf 89' lang='lat' dir='ltr'><strong>magno</strong></span> <span class='ocrx_word' id='word_1_164' title='bbox 1842 2093 2111 2195; x_wconf 90' lang='lat' dir='ltr'><strong>periculosoque</strong></span> <span class='ocrx_word' id='word_1_165' title='bbox 2128 2097 2319 2168; x_wconf 89' lang='lat' dir='ltr'><strong>certamine</strong></span> <span class='ocrx_word' id='word_1_166' title='bbox 2332 2103 2444 2201; x_wconf 83' lang='lat' dir='ltr'><strong>capta,</strong></span> 
     </span>
     <span class='ocr_line' id='line_1_14' title="bbox 442 2207 2445 2316; baseline -0.002 -24"><span class='ocrx_word' id='word_1_167' title='bbox 442 2217 658 2292; x_wconf 88' lang='lat' dir='ltr'><strong>uberrimam</strong></span> <span class='ocrx_word' id='word_1_168' title='bbox 680 2214 718 2287; x_wconf 89' lang='lat' dir='ltr'><strong>ei·</strong></span> <span class='ocrx_word' id='word_1_169' title='bbox 735 2212 842 2286; x_wconf 89' lang='lat' dir='ltr'><strong>animi</strong></span> <span class='ocrx_word' id='word_1_170' title='bbox 864 2210 997 2285; x_wconf 89' lang='lat' dir='ltr'><strong>strenui</strong></span> <span class='ocrx_word' id='word_1_171' title='bbox 1017 2215 1052 2282; x_wconf 90' lang='lat' dir='ltr'><strong>et</strong></span> <span class='ocrx_word' id='word_1_172' title='bbox 1071 2207 1196 2285; x_wconf 79' lang='lat' dir='ltr'><strong>ferocis</strong></span> <span class='ocrx_word' id='word_1_173' title='bbox 1220 2209 1359 2286; x_wconf 89' lang='lat' dir='ltr'><strong>laudem</strong></span> <span class='ocrx_word' id='word_1_174' title='bbox 1386 2213 1611 2311; x_wconf 80' lang='lat' dir='ltr'><strong>praebuerat,</strong></span> <span class='ocrx_word' id='word_1_175' title='bbox 1637 2237 1741 2311; x_wconf 86' lang='lat' dir='ltr'><strong>quam</strong></span> <span class='ocrx_word' id='word_1_176' title='bbox 1758 2214 1879 2312; x_wconf 93' lang='lat' dir='ltr'><strong>procul</strong></span> <span class='ocrx_word' id='word_1_177' title='bbox 1892 2209 1999 2287; x_wconf 81' lang='lat' dir='ltr'><strong>dnbio</strong></span> <span class='ocrx_word' id='word_1_178' title='bbox 2019 2211 2064 2286; x_wconf 90' lang='lat' dir='ltr'><strong>ad</strong></span> <span class='ocrx_word' id='word_1_179' title='bbox 2087 2212 2355 2288; x_wconf 88' lang='lat' dir='ltr'><strong>minuendum</strong></span> <span class='ocrx_word' id='word_1_180' title='bbox 2343 2238 2445 2316; x_wconf 83' lang='lat' dir='ltr'><strong>rgna-</strong></span> 
     </span>
     <span class='ocr_line' id='line_1_15' title="bbox 391 2318 2445 2433; baseline -0.003 -20"><span class='ocrx_word' id='word_1_181' title='bbox 391 2416 394 2420; x_wconf 73' lang='grc'><em>,</em></span> <span class='ocrx_word' id='word_1_182' title='bbox 442 2318 521 2413; x_wconf 77' lang='lat' dir='ltr'><strong>riae</strong></span> <span class='ocrx_word' id='word_1_183' title='bbox 547 2343 584 2411; x_wconf 89' lang='lat' dir='ltr'><strong>et</strong></span> <span class='ocrx_word' id='word_1_184' title='bbox 608 2329 806 2408; x_wconf 84' lang='lat' dir='ltr'><strong>timiditatis</strong></span> <span class='ocrx_word' id='word_1_185' title='bbox 827 2330 962 2403; x_wconf 85' lang='lat' dir='ltr'><strong>crimen</strong></span> <span class='ocrx_word' id='word_1_186' title='bbox 984 2329 1022 2402; x_wconf 93' lang='lat' dir='ltr'><strong>in</strong></span> <span class='ocrx_word' id='word_1_187' title='bbox 1047 2329 1121 2402; x_wconf 90' lang='lat' dir='ltr'><strong>suis</strong></span> <span class='ocrx_word' id='word_1_188' title='bbox 1148 2328 1192 2403; x_wconf 91' lang='lat' dir='ltr'><strong>de</strong></span> <span class='ocrx_word' id='word_1_189' title='bbox 1211 2329 1293 2404; x_wconf 84' lang='lat' dir='ltr'><strong>Vita</strong></span> <span class='ocrx_word' id='word_1_190' title='bbox 1305 2329 1573 2406; x_wconf 84' lang='lat' dir='ltr'><strong>Commentariis</strong></span> <span class='ocrx_word' id='word_1_191' title='bbox 1599 2327 1757 2405; x_wconf 89' lang='lat' dir='ltr'><strong>studiose</strong></span> <span class='ocrx_word' id='word_1_192' title='bbox 1778 2332 1966 2406; x_wconf 85' lang='lat' dir='ltr'><strong>extulerat.</strong></span> <span class='ocrx_word' id='word_1_193' title='bbox 2024 2332 2068 2407; x_wconf 93' lang='lat' dir='ltr'><strong>In</strong></span> <span class='ocrx_word' id='word_1_194' title='bbox 2091 2357 2133 2405; x_wconf 88' lang='lat' dir='ltr'><strong>ea</strong></span> <span class='ocrx_word' id='word_1_195' title='bbox 2157 2322 2252 2407; x_wconf 85' lang='lat' dir='ltr'><strong>enirn</strong></span> <span class='ocrx_word' id='word_1_196' title='bbox 2265 2333 2345 2433; x_wconf 84' lang='lat' dir='ltr'><strong>ipse</strong></span> <span class='ocrx_word' id='word_1_197' title='bbox 2370 2324 2445 2406; x_wconf 86' lang='lat' dir='ltr'><strong>dux</strong></span> 
     </span>
     <span class='ocr_line' id='line_1_16' title="bbox 445 2443 2444 2592; baseline -0.003 -63"><span class='ocrx_word' id='word_1_198' title='bbox 445 2454 579 2529; x_wconf 90' lang='lat' dir='ltr'><strong>eturri</strong></span> <span class='ocrx_word' id='word_1_199' title='bbox 605 2475 758 2553; x_wconf 90' lang='lat' dir='ltr'><strong>propere</strong></span> <span class='ocrx_word' id='word_1_200' title='bbox 787 2446 1024 2541; x_wconf 90' lang='lat' dir='ltr'><strong>descendens,</strong></span> <span class='ocrx_word' id='word_1_201' title='bbox 1059 2446 1099 2520; x_wconf 76' lang='grc' dir='ltr'><strong>ἐκ</strong></span> <span class='ocrx_word' id='word_1_202' title='bbox 1124 2452 1194 2520; x_wconf 86' lang='grc' dir='ltr'><strong>τοῦ</strong></span> <span class='ocrx_word' id='word_1_203' title='bbox 1220 2444 1370 2592; x_wconf 73' lang='grc' dir='ltr'><strong><em>πόργορ</em></strong></span> <span class='ocrx_word' id='word_1_204' title='bbox 1405 2443 1658 2546; x_wconf 77' lang='grc' dir='ltr'><strong><em>καταθορών,</em></strong></span> <span class='ocrx_word' id='word_1_205' title='bbox 1695 2456 1897 2524; x_wconf 87' lang='lat' dir='ltr'><strong>cunctantes</strong></span> <span class='ocrx_word' id='word_1_206' title='bbox 1925 2475 2009 2527; x_wconf 88' lang='lat' dir='ltr'><strong>suos</strong></span> <span class='ocrx_word' id='word_1_207' title='bbox 2040 2451 2245 2552; x_wconf 87' lang='lat' dir='ltr'><strong>increpans,</strong></span> <span class='ocrx_word' id='word_1_208' title='bbox 2283 2459 2444 2550; x_wconf 78' lang='lat' dir='ltr'><strong>correpto</strong></span> 
     </span>
     <span class='ocr_line' id='line_1_17' title="bbox 446 2562 2446 2718; baseline -0.003 -69"><span class='ocrx_word' id='word_1_209' title='bbox 446 2573 609 2718; x_wconf 76' lang='lat' dir='ltr'><strong>clJpco</strong></span> <span class='ocrx_word' id='word_1_210' title='bbox 598 2597 634 2644; x_wconf 89' lang='grc' dir='ltr'><strong>ιιι</strong></span> <span class='ocrx_word' id='word_1_211' title='bbox 653 2576 799 2713; x_wconf 86' lang='lat' dir='ltr'><strong>pontem</strong></span> <span class='ocrx_word' id='word_1_212' title='bbox 823 2593 927 2641; x_wconf 89' lang='lat' dir='ltr'><strong>cursu</strong></span> <span class='ocrx_word' id='word_1_213' title='bbox 953 2592 993 2640; x_wconf 88' lang='lat' dir='ltr'><strong>se</strong></span> <span class='ocrx_word' id='word_1_214' title='bbox 1015 2566 1206 2711; x_wconf 80' lang='lat' dir='ltr'><strong>proripuit,</strong></span> <span class='ocrx_word' id='word_1_215' title='bbox 1234 2563 1293 2639; x_wconf 82' lang='grc' dir='ltr'><strong>ἐπι</strong></span> <span class='ocrx_word' id='word_1_216' title='bbox 1318 2562 1389 2660; x_wconf 82' lang='grc' dir='ltr'><strong><em>τὴν</em></strong></span> <span class='ocrx_word' id='word_1_217' title='bbox 1414 2564 1590 2668; x_wconf 72' lang='grc' dir='ltr'><strong><em>γέφυραν</em></strong></span> <span class='ocrx_word' id='word_1_218' title='bbox 1613 2567 1690 2640; x_wconf 85' lang='grc' dir='ltr'><strong><em>ίετο</em></strong></span> <span class='ocrx_word' id='word_1_219' title='bbox 1716 2562 1873 2666; x_wconf 77' lang='grc' dir='ltr'><strong><em>δρόμῳ,</em></strong></span> <span class='ocrx_word' id='word_1_220' title='bbox 1917 2566 1981 2642; x_wconf 91' lang='lat' dir='ltr'><strong>scd</strong></span> <span class='ocrx_word' id='word_1_221' title='bbox 2017 2569 2134 2669; x_wconf 90' lang='lat' dir='ltr'><strong>pontis</strong></span> <span class='ocrx_word' id='word_1_222' title='bbox 2172 2570 2276 2644; x_wconf 88' lang='lat' dir='ltr'><strong>ruina</strong></span> <span class='ocrx_word' id='word_1_223' title='bbox 2307 2566 2446 2672; x_wconf 75' lang='grc' dir='ltr'><strong><em>ἐπλήγη</em></strong></span> 
     </span>
     <span class='ocr_line' id='line_1_18' title="bbox 445 2677 2446 2789; baseline -0.001 -24"><span class='ocrx_word' id='word_1_224' title='bbox 445 2688 518 2789; x_wconf 80' lang='grc' dir='ltr'><strong>μιν</strong></span> <span class='ocrx_word' id='word_1_225' title='bbox 538 2686 583 2764; x_wconf 77' lang='grc' dir='ltr'><strong>τὸ</strong></span> <span class='ocrx_word' id='word_1_226' title='bbox 606 2680 740 2769; x_wconf 79' lang='grc' dir='ltr'><strong><em>σκέλος</em></strong></span> <span class='ocrx_word' id='word_1_227' title='bbox 758 2682 802 2759; x_wconf 87' lang='grc' dir='ltr'><strong>τὸ</strong></span> <span class='ocrx_word' id='word_1_228' title='bbox 829 2681 953 2769; x_wconf 77' lang='grc' dir='ltr'><strong><em>δεξιὸν</em></strong></span> <span class='ocrx_word' id='word_1_229' title='bbox 979 2680 1043 2757; x_wconf 84' lang='grc' dir='ltr'><strong>καὶ</strong></span> <span class='ocrx_word' id='word_1_230' title='bbox 1068 2680 1157 2766; x_wconf 84' lang='grc' dir='ltr'><strong>τούς</strong></span> <span class='ocrx_word' id='word_1_231' title='bbox 1179 2677 1390 2781; x_wconf 82' lang='grc' dir='ltr'><strong><em>βραχίονας</em></strong></span> <span class='ocrx_word' id='word_1_232' title='bbox 1415 2683 1547 2781; x_wconf 79' lang='grc' dir='ltr'><strong><em>ἄμφω.</em></strong></span> <span class='ocrx_word' id='word_1_233' title='bbox 1598 2684 1642 2759; x_wconf 94' lang='lat' dir='ltr'><strong>In</strong></span> <span class='ocrx_word' id='word_1_234' title='bbox 1677 2683 1916 2786; x_wconf 91' lang='lat' dir='ltr'><strong>praedicando</strong></span> <span class='ocrx_word' id='word_1_235' title='bbox 1948 2687 2015 2761; x_wconf 90' lang='lat' dir='ltr'><strong>hoc</strong></span> <span class='ocrx_word' id='word_1_236' title='bbox 2044 2687 2180 2764; x_wconf 82' lang='lat' dir='ltr'><strong>fortiter</strong></span> <span class='ocrx_word' id='word_1_237' title='bbox 2202 2687 2297 2763; x_wconf 84' lang='lat' dir='ltr'><strong>iacto</strong></span> <span class='ocrx_word' id='word_1_238' title='bbox 2322 2712 2446 2763; x_wconf 86' lang='lat' dir='ltr'><strong>ornnes</strong></span> 
     </span>
     <span class='ocr_line' id='line_1_19' title="bbox 375 2788 2446 2906; baseline 0 -21"><span class='ocrx_word' id='word_1_239' title='bbox 375 2898 382 2906; x_wconf 42' lang='grc'><em>,</em></span> <span class='ocrx_word' id='word_1_240' title='bbox 438 2810 508 2885; x_wconf 76' lang='lat' dir='ltr'><strong>elii</strong></span> <span class='ocrx_word' id='word_1_241' title='bbox 533 2807 755 2883; x_wconf 88' lang='lat' dir='ltr'><strong>consentiunt</strong></span> <span class='ocrx_word' id='word_1_242' title='bbox 779 2805 982 2904; x_wconf 90' lang='lat' dir='ltr'><strong>scriptores,</strong></span> <span class='ocrx_word' id='word_1_243' title='bbox 1006 2828 1094 2903; x_wconf 89' lang='lat' dir='ltr'><strong>quos</strong></span> <span class='ocrx_word' id='word_1_244' title='bbox 1121 2803 1260 2905; x_wconf 80' lang='lat' dir='ltr'><strong>collegit</strong></span> <span class='ocrx_word' id='word_1_245' title='bbox 1282 2801 1462 2876; x_wconf 82' lang='lat' dir='ltr'><strong>Fabricius</strong></span> <span class='ocrx_word' id='word_1_246' title='bbox 1490 2800 1535 2875; x_wconf 90' lang='lat' dir='ltr'><strong>ad</strong></span> <span class='ocrx_word' id='word_1_247' title='bbox 1561 2788 1667 2880; x_wconf 87' lang='lat' dir='ltr'><strong>Dion.</strong></span> <span class='ocrx_word' id='word_1_248' title='bbox 1695 2804 1796 2880; x_wconf 75' lang='lat' dir='ltr'><strong>cass.</strong></span> <span class='ocrx_word' id='word_1_249' title='bbox 1831 2802 1931 2880; x_wconf 86' lang='lat' dir='ltr'><strong>Libr.</strong></span> <span class='ocrx_word' id='word_1_250' title='bbox 1955 2804 2097 2881; x_wconf 88' lang='lat' dir='ltr'>XLIX.</span> <span class='ocrx_word' id='word_1_251' title='bbox 2130 2833 2162 2883; x_wconf 91' lang='lat' dir='ltr'><strong>c.</strong></span> <span class='ocrx_word' id='word_1_252' title='bbox 2188 2811 2251 2885; x_wconf 85' lang='grc'><strong>35.</strong></span> <span class='ocrx_word' id='word_1_253' title='bbox 2281 2804 2331 2883; x_wconf 84' lang='lat' dir='ltr'>N</span> <span class='ocrx_word' id='word_1_254' title='bbox 2360 2810 2446 2886; x_wconf 79' lang='grc'><strong>156.</strong></span> 
     </span>
     <span class='ocr_line' id='line_1_20' title="bbox 381 2918 2445 3043; baseline -0.003 -38"><span class='ocrx_word' id='word_1_255' title='bbox 381 2918 384 2923; x_wconf 52' lang='grc'><strong>’</strong></span> <span class='ocrx_word' id='word_1_256' title='bbox 447 2938 484 3037; x_wconf 82' lang='lat' dir='ltr'><strong>ot</strong></span> <span class='ocrx_word' id='word_1_257' title='bbox 513 2931 598 3004; x_wconf 88' lang='grc'><strong>157.</strong></span> <span class='ocrx_word' id='word_1_258' title='bbox 623 2924 699 3002; x_wconf 82' lang='lat' dir='ltr'><strong>Str.</strong></span> <span class='ocrx_word' id='word_1_259' title='bbox 749 2922 798 3043; x_wconf 80' lang='lat' dir='ltr'><strong>Et</strong></span> <span class='ocrx_word' id='word_1_260' title='bbox 822 2921 1027 2996; x_wconf 87' lang='lat' dir='ltr'><strong>PliniusN.</strong></span> <span class='ocrx_word' id='word_1_261' title='bbox 1052 2921 1099 2996; x_wconf 93' lang='grc'><strong>11.</strong></span> <span class='ocrx_word' id='word_1_262' title='bbox 1125 2921 1225 2997; x_wconf 88' lang='lat' dir='ltr'><strong>Libr.</strong></span> <span class='ocrx_word' id='word_1_263' title='bbox 1247 2919 1329 2995; x_wconf 83' lang='lat' dir='ltr'><strong>vll.</strong></span> <span class='ocrx_word' id='word_1_264' title='bbox 1358 2947 1391 2995; x_wconf 90' lang='lat' dir='ltr'><strong>c.</strong></span> <span class='ocrx_word' id='word_1_265' title='bbox 1416 2920 1518 2998; x_wconf 79' lang='lat'><strong>45.</strong></span> <span class='ocrx_word' id='word_1_266' title='bbox 1506 2948 1544 2995; x_wconf 88' lang='lat' dir='ltr'><strong>ru</strong></span> <span class='ocrx_word' id='word_1_267' title='bbox 1568 2920 1675 2995; x_wconf 90' lang='lat' dir='ltr'><strong>rebus</strong></span> <span class='ocrx_word' id='word_1_268' title='bbox 1700 2920 1855 3024; x_wconf 80' lang='lat' dir='ltr'><strong>Augusti</strong></span> <span class='ocrx_word' id='word_1_269' title='bbox 1887 2921 2048 2998; x_wconf 86' lang='lat' dir='ltr'><strong>adversis</strong></span> <span class='ocrx_word' id='word_1_270' title='bbox 2082 2930 2241 3000; x_wconf 81' lang='lat' dir='ltr'><strong>recenset</strong></span> <span class='ocrx_word' id='word_1_271' title='bbox 2265 2923 2445 3000; x_wconf 82' lang='lat' dir='ltr'><strong>Pannoni-</strong></span> 
     </span>
     <span class='ocr_line' id='line_1_21' title="bbox 447 3030 2494 3143; baseline -0.002 -21"><span class='ocrx_word' id='word_1_272' title='bbox 447 3030 499 3123; x_wconf 82' lang='lat' dir='ltr'><strong>cia</strong></span> <span class='ocrx_word' id='word_1_273' title='bbox 521 3045 621 3120; x_wconf 88' lang='lat' dir='ltr'><strong>bellis</strong></span> <span class='ocrx_word' id='word_1_274' title='bbox 645 3044 783 3117; x_wconf 90' lang='lat' dir='ltr'><strong>ruinam</strong></span> <span class='ocrx_word' id='word_1_275' title='bbox 808 3065 830 3115; x_wconf 94' lang='lat' dir='ltr'><strong>e</strong></span> <span class='ocrx_word' id='word_1_276' title='bbox 851 3041 951 3133; x_wconf 78' lang='lat' dir='ltr'><strong>turri.</strong></span> <span class='ocrx_word' id='word_1_277' title='bbox 1014 3038 1140 3115; x_wconf 84' lang='lat' dir='ltr'><strong>Livius</strong></span> <span class='ocrx_word' id='word_1_278' title='bbox 1165 3038 1396 3135; x_wconf 84' lang='lat' dir='ltr'><strong>Libr.131.‚</strong></span> <span class='ocrx_word' id='word_1_279' title='bbox 1429 3042 1529 3139; x_wconf 89' lang='lat' dir='ltr'><strong>cujus</strong></span> <span class='ocrx_word' id='word_1_280' title='bbox 1561 3041 1643 3114; x_wconf 90' lang='lat' dir='ltr'><strong>libri</strong></span> <span class='ocrx_word' id='word_1_281' title='bbox 1671 3044 1848 3140; x_wconf 85' lang='lat' dir='ltr'><strong>J&#39;ucturam</strong></span> <span class='ocrx_word' id='word_1_282' title='bbox 1880 3042 2105 3117; x_wconf 85' lang='lat' dir='ltr'><strong>vehementer</strong></span> <span class='ocrx_word' id='word_1_283' title='bbox 2135 3042 2446 3143; x_wconf 45' lang='lat' dir='ltr'><strong>deploremussne-</strong></span> <span class='ocrx_word' id='word_1_284' title='bbox 2487 3084 2494 3090; x_wconf 94' lang='lat'>·</span> 
     </span>
     <span class='ocr_line' id='line_1_22' title="bbox 335 3155 2444 3263; baseline -0.002 -22"><span class='ocrx_word' id='word_1_285' title='bbox 335 3258 337 3263; x_wconf 8' lang='grc' dir='ltr'><strong><em>ρ</em></strong></span> <span class='ocrx_word' id='word_1_286' title='bbox 448 3190 549 3241; x_wconf 75' lang='grc' dir='ltr'><strong><em>ιιοιι</em></strong></span> <span class='ocrx_word' id='word_1_287' title='bbox 571 3171 645 3258; x_wconf 91' lang='lat' dir='ltr'><strong>est,</strong></span> <span class='ocrx_word' id='word_1_288' title='bbox 672 3159 863 3235; x_wconf 87' lang='lat' dir='ltr'><strong>memoriae</strong></span> <span class='ocrx_word' id='word_1_289' title='bbox 888 3155 1099 3252; x_wconf 85' lang='lat' dir='ltr'><strong>tradiderat,</strong></span> <span class='ocrx_word' id='word_1_290' title='bbox 1125 3156 1284 3257; x_wconf 81' lang='lat' dir='ltr'><strong>Japydaa</strong></span> <span class='ocrx_word' id='word_1_291' title='bbox 1310 3165 1345 3233; x_wconf 92' lang='lat' dir='ltr'><strong>et</strong></span> <span class='ocrx_word' id='word_1_292' title='bbox 1365 3156 1549 3233; x_wconf 88' lang='lat' dir='ltr'><strong>Dalmatas</strong></span> <span class='ocrx_word' id='word_1_293' title='bbox 1573 3166 1608 3233; x_wconf 92' lang='lat' dir='ltr'><strong>et</strong></span> <span class='ocrx_word' id='word_1_294' title='bbox 1633 3159 1836 3235; x_wconf 88' lang='lat' dir='ltr'><strong>Pannonios</strong></span> <span class='ocrx_word' id='word_1_295' title='bbox 1861 3186 1882 3234; x_wconf 92' lang='lat' dir='ltr'><strong>a</strong></span> <span class='ocrx_word' id='word_1_296' title='bbox 1908 3160 2062 3236; x_wconf 80' lang='lat' dir='ltr'><strong>Caesare</strong></span> <span class='ocrx_word' id='word_1_297' title='bbox 2086 3160 2251 3263; x_wconf 86' lang='lat' dir='ltr'><strong>Augusto</strong></span> <span class='ocrx_word' id='word_1_298' title='bbox 2283 3160 2444 3238; x_wconf 90' lang='lat' dir='ltr'><strong>subactos</strong></span> 
     </span>
     <span class='ocr_line' id='line_1_23' title="bbox 447 3275 2446 3386; baseline -0.001 -28"><span class='ocrx_word' id='word_1_299' title='bbox 447 3283 572 3358; x_wconf 81' lang='lat' dir='ltr'><strong>fuisse.</strong></span> <span class='ocrx_word' id='word_1_300' title='bbox 623 3283 801 3376; x_wconf 74' lang='lat' dir='ltr'><strong>Quantum</strong></span> <span class='ocrx_word' id='word_1_301' title='bbox 827 3276 986 3351; x_wconf 87' lang='lat' dir='ltr'><strong>debuerit</strong></span> <span class='ocrx_word' id='word_1_302' title='bbox 1003 3275 1055 3350; x_wconf 88' lang='lat' dir='ltr'><strong>M.</strong></span> <span class='ocrx_word' id='word_1_303' title='bbox 1070 3277 1277 3379; x_wconf 84' lang='lat' dir='ltr'><strong>Agrippae,</strong></span> <span class='ocrx_word' id='word_1_304' title='bbox 1313 3277 1436 3353; x_wconf 91' lang='lat' dir='ltr'><strong>sucin</strong></span> <span class='ocrx_word' id='word_1_305' title='bbox 1460 3277 1639 3353; x_wconf 88' lang='lat' dir='ltr'><strong>bochello</strong></span> <span class='ocrx_word' id='word_1_306' title='bbox 1664 3279 1793 3375; x_wconf 91' lang='lat' dir='ltr'><strong>comiti,</strong></span> <span class='ocrx_word' id='word_1_307' title='bbox 1818 3281 1923 3380; x_wconf 90' lang='lat' dir='ltr'><strong>plane</strong></span> <span class='ocrx_word' id='word_1_308' title='bbox 1953 3281 2145 3383; x_wconf 86' lang='lat' dir='ltr'><strong>ignoratur,</strong></span> <span class='ocrx_word' id='word_1_309' title='bbox 2165 3278 2446 3386; x_wconf 88' lang='lat' dir='ltr'><strong>qnandoquidem</strong></span> 
     </span>
     <span class='ocr_line' id='line_1_24' title="bbox 447 3396 2446 3504; baseline 0.001 -29"><span class='ocrx_word' id='word_1_310' title='bbox 447 3401 606 3504; x_wconf 82' lang='lat' dir='ltr'><strong>plerique</strong></span> <span class='ocrx_word' id='word_1_311' title='bbox 621 3398 812 3498; x_wconf 90' lang='lat' dir='ltr'><strong>scriptores</strong></span> <span class='ocrx_word' id='word_1_312' title='bbox 823 3399 941 3497; x_wconf 87' lang='lat' dir='ltr'><strong>ipsum</strong></span> <span class='ocrx_word' id='word_1_313' title='bbox 953 3397 1169 3495; x_wconf 86' lang='lat' dir='ltr'><strong>Augustum,</strong></span> <span class='ocrx_word' id='word_1_314' title='bbox 1184 3398 1292 3497; x_wconf 92' lang='lat' dir='ltr'><strong>paulo</strong></span> <span class='ocrx_word' id='word_1_315' title='bbox 1318 3396 1536 3498; x_wconf 81' lang='lat' dir='ltr'><strong>cupidiorem</strong></span> <span class='ocrx_word' id='word_1_316' title='bbox 1557 3422 1679 3471; x_wconf 91' lang='lat' dir='ltr'><strong>rerum</strong></span> <span class='ocrx_word' id='word_1_317' title='bbox 1703 3423 1783 3473; x_wconf 87' lang='lat' dir='ltr'><strong>ase</strong></span> <span class='ocrx_word' id='word_1_318' title='bbox 1808 3407 1988 3501; x_wconf 87' lang='lat' dir='ltr'><strong>gestarum</strong></span> <span class='ocrx_word' id='word_1_319' title='bbox 2007 3408 2198 3497; x_wconf 87' lang='lat' dir='ltr'><strong>auctorem,</strong></span> <span class='ocrx_word' id='word_1_320' title='bbox 2220 3403 2338 3476; x_wconf 86' lang='lat' dir='ltr'><strong>secuti</strong></span> <span class='ocrx_word' id='word_1_321' title='bbox 2358 3407 2446 3477; x_wconf 87' lang='lat' dir='ltr'><strong>sunt.</strong></span> 
     </span>
     <span class='ocr_line' id='line_1_25' title="bbox 604 3514 2446 3622; baseline 0.001 -31"><span class='ocrx_word' id='word_1_322' title='bbox 604 3519 780 3616; x_wconf 89' lang='lat' dir='ltr'><strong>Prospera</strong></span> <span class='ocrx_word' id='word_1_323' title='bbox 802 3515 884 3588; x_wconf 90' lang='lat' dir='ltr'><strong>belli</strong></span> <span class='ocrx_word' id='word_1_324' title='bbox 908 3514 1041 3611; x_wconf 83' lang='lat' dir='ltr'><strong>lllyrici</strong></span> <span class='ocrx_word' id='word_1_325' title='bbox 1065 3514 1322 3589; x_wconf 83' lang='lat' dir='ltr'><strong>administratio</strong></span> <span class='ocrx_word' id='word_1_326' title='bbox 1348 3515 1418 3589; x_wconf 90' lang='lat' dir='ltr'><strong>dici</strong></span> <span class='ocrx_word' id='word_1_327' title='bbox 1448 3542 1518 3590; x_wconf 95' lang='lat' dir='ltr'><strong>non</strong></span> <span class='ocrx_word' id='word_1_328' title='bbox 1551 3523 1669 3617; x_wconf 85' lang='lat' dir='ltr'><strong>potest</strong></span> <span class='ocrx_word' id='word_1_329' title='bbox 1700 3523 1831 3617; x_wconf 86' lang='lat' dir='ltr'><strong>qrrenta</strong></span> <span class='ocrx_word' id='word_1_330' title='bbox 1864 3519 2028 3622; x_wconf 86' lang='lat' dir='ltr'><strong>Augusto</strong></span> <span class='ocrx_word' id='word_1_331' title='bbox 2062 3520 2218 3595; x_wconf 90' lang='lat' dir='ltr'><strong>attulerit</strong></span> <span class='ocrx_word' id='word_1_332' title='bbox 2247 3521 2385 3621; x_wconf 88' lang='lat' dir='ltr'><strong>gloriae</strong></span> <span class='ocrx_word' id='word_1_333' title='bbox 2408 3544 2446 3593; x_wconf 89' lang='lat' dir='ltr'><strong>ac</strong></span> 
     </span>
    </p>

    <p class='ocr_par' dir='ltr' id='par_1_5' title="bbox 344 3632 2447 4093">
     <span class='ocr_line' id='line_1_26' title="bbox 344 3632 2447 3742; baseline 0 -29"><span class='ocrx_word' id='word_1_334' title='bbox 344 3721 349 3728; x_wconf 17' lang='lat'>⁵</span> <span class='ocrx_word' id='word_1_335' title='bbox 447 3636 631 3742; x_wconf 88' lang='lat' dir='ltr'><strong>potestatis</strong></span> <span class='ocrx_word' id='word_1_336' title='bbox 654 3637 887 3728; x_wconf 90' lang='lat' dir='ltr'><strong>incrementa,</strong></span> <span class='ocrx_word' id='word_1_337' title='bbox 920 3640 955 3706; x_wconf 89' lang='lat' dir='ltr'><strong>ct</strong></span> <span class='ocrx_word' id='word_1_338' title='bbox 977 3659 1082 3733; x_wconf 91' lang='lat' dir='ltr'><strong>quam</strong></span> <span class='ocrx_word' id='word_1_339' title='bbox 1103 3632 1288 3708; x_wconf 86' lang='lat' dir='ltr'><strong>commoda</strong></span> <span class='ocrx_word' id='word_1_340' title='bbox 1312 3633 1567 3735; x_wconf 82' lang='lat' dir='ltr'><strong>sueritpopuli</strong></span> <span class='ocrx_word' id='word_1_341' title='bbox 1592 3634 1637 3708; x_wconf 89' lang='lat' dir='ltr'><strong>ad</strong></span> <span class='ocrx_word' id='word_1_342' title='bbox 1672 3660 1764 3710; x_wconf 89' lang='lat' dir='ltr'><strong>nova</strong></span> <span class='ocrx_word' id='word_1_343' title='bbox 1800 3662 1898 3712; x_wconf 90' lang='lat' dir='ltr'><strong>arma</strong></span> <span class='ocrx_word' id='word_1_344' title='bbox 1934 3638 2073 3731; x_wconf 69' lang='lat' dir='ltr'><strong>anua,</strong></span> <span class='ocrx_word' id='word_1_345' title='bbox 2103 3664 2195 3739; x_wconf 88' lang='lat' dir='ltr'><strong>quae</strong></span> <span class='ocrx_word' id='word_1_346' title='bbox 2223 3637 2447 3740; x_wconf 84' lang='lat' dir='ltr'><strong>gliscentibus</strong></span> 
     </span>
     <span class='ocr_line' id='line_1_27' title="bbox 386 3749 2447 3856; baseline -0.001 -22"><span class='ocrx_word' id='word_1_347' title='bbox 386 3783 389 3788; x_wconf 87' lang='lat'>·</span> <span class='ocrx_word' id='word_1_348' title='bbox 449 3784 530 3834; x_wconf 89' lang='lat' dir='ltr'><strong>cum</strong></span> <span class='ocrx_word' id='word_1_349' title='bbox 552 3754 605 3830; x_wconf 89' lang='lat' dir='ltr'><strong>M.</strong></span> <span class='ocrx_word' id='word_1_350' title='bbox 625 3753 784 3834; x_wconf 89' lang='lat' dir='ltr'><strong>Antonio</strong></span> <span class='ocrx_word' id='word_1_351' title='bbox 810 3749 997 3856; x_wconf 82' lang='lat' dir='ltr'><strong>discordiis</strong></span> <span class='ocrx_word' id='word_1_352' title='bbox 1023 3753 1138 3827; x_wconf 90' lang='lat' dir='ltr'><strong>serius</strong></span> <span class='ocrx_word' id='word_1_353' title='bbox 1163 3753 1260 3827; x_wconf 87' lang='lat' dir='ltr'><strong>ocius</strong></span> <span class='ocrx_word' id='word_1_354' title='bbox 1285 3761 1454 3852; x_wconf 85' lang='lat' dir='ltr'><strong>eruptura</strong></span> <span class='ocrx_word' id='word_1_355' title='bbox 1483 3762 1621 3848; x_wconf 89' lang='lat' dir='ltr'><strong>essent,</strong></span> <span class='ocrx_word' id='word_1_356' title='bbox 1655 3755 1852 3829; x_wconf 90' lang='lat' dir='ltr'><strong>animorum</strong></span> <span class='ocrx_word' id='word_1_357' title='bbox 1885 3751 2104 3853; x_wconf 84' lang='grc' dir='ltr'><strong><em>παρασκευή</em></strong></span> <span class='ocrx_word' id='word_1_358' title='bbox 2139 3766 2175 3832; x_wconf 93' lang='lat' dir='ltr'><strong>et</strong></span> <span class='ocrx_word' id='word_1_359' title='bbox 2206 3758 2358 3832; x_wconf 88' lang='lat' dir='ltr'><strong>militurn</strong></span> <span class='ocrx_word' id='word_1_360' title='bbox 2386 3755 2447 3852; x_wconf 82' lang='lat' dir='ltr'><strong>nni</strong></span> 
     </span>
     <span class='ocr_line' id='line_1_28' title="bbox 450 3865 2447 3977; baseline 0.001 -26"><span class='ocrx_word' id='word_1_361' title='bbox 450 3871 533 3951; x_wconf 87' lang='lat' dir='ltr'><strong>duci</strong></span> <span class='ocrx_word' id='word_1_362' title='bbox 558 3877 724 3977; x_wconf 87' lang='lat' dir='ltr'><strong>Augusto</strong></span> <span class='ocrx_word' id='word_1_363' title='bbox 755 3870 1004 3947; x_wconf 86' lang='lat' dir='ltr'><strong>confidentium</strong></span> <span class='ocrx_word' id='word_1_364' title='bbox 1026 3865 1335 3967; x_wconf 78' lang='grc' dir='ltr'><strong><em>προπαιδευτική.</em></strong></span> <span class='ocrx_word' id='word_1_365' title='bbox 1386 3871 1469 3946; x_wconf 89' lang='lat' dir='ltr'><strong>Non</strong></span> <span class='ocrx_word' id='word_1_366' title='bbox 1495 3878 1595 3946; x_wconf 88' lang='lat' dir='ltr'><strong>vacat</strong></span> <span class='ocrx_word' id='word_1_367' title='bbox 1620 3898 1805 3973; x_wconf 85' lang='lat' dir='ltr'><strong>quaerere,</strong></span> <span class='ocrx_word' id='word_1_368' title='bbox 1830 3872 2013 3949; x_wconf 87' lang='lat' dir='ltr'><strong>silentibus</strong></span> <span class='ocrx_word' id='word_1_369' title='bbox 2035 3875 2243 3975; x_wconf 90' lang='lat' dir='ltr'><strong>praesertim</strong></span> <span class='ocrx_word' id='word_1_370' title='bbox 2267 3876 2447 3977; x_wconf 83' lang='lat' dir='ltr'><strong>expressis</strong></span> 
     </span>
     <span class='ocr_line' id='line_1_29' title="bbox 444 3987 2446 4106; baseline 0 -36"><span class='ocrx_word' id='word_1_371' title='bbox 444 4002 608 4090; x_wconf 74' lang='lat' dir='ltr'><strong>yeterum</strong></span> <span class='ocrx_word' id='word_1_372' title='bbox 628 3994 838 4093; x_wconf 90' lang='lat' dir='ltr'><strong>scriptorum</strong></span> <span class='ocrx_word' id='word_1_373' title='bbox 847 3989 1084 4083; x_wconf 82' lang='lat' dir='ltr'><strong>testimoniis,</strong></span> <span class='ocrx_word' id='word_1_374' title='bbox 1121 3987 1300 4089; x_wconf 91' lang='lat' dir='ltr'><strong>quomodo</strong></span> <span class='ocrx_word' id='word_1_375' title='bbox 1332 4015 1449 4089; x_wconf 87' lang='lat' dir='ltr'><strong>quave</strong></span> <span class='ocrx_word' id='word_1_376' title='bbox 1476 3987 1552 4065; x_wconf 88' lang='lat' dir='ltr'><strong>arte</strong></span> <span class='ocrx_word' id='word_1_377' title='bbox 1583 3991 1809 4093; x_wconf 89' lang='lat' dir='ltr'><strong>Augustus</strong></span> <span class='ocrx_word' id='word_1_378' title='bbox 1799 4017 1834 4064; x_wconf 91' lang='grc' dir='ltr'><strong>ιιι</strong></span> <span class='ocrx_word' id='word_1_379' title='bbox 1864 3990 1983 4068; x_wconf 89' lang='lat' dir='ltr'><strong>Libris</strong></span> <span class='ocrx_word' id='word_1_380' title='bbox 2003 3993 2048 4068; x_wconf 90' lang='lat' dir='ltr'><strong>de</strong></span> <span class='ocrx_word' id='word_1_381' title='bbox 2069 3994 2152 4070; x_wconf 88' lang='lat' dir='ltr'><strong>Vita</strong></span> <span class='ocrx_word' id='word_1_382' title='bbox 2180 4019 2245 4068; x_wconf 90' lang='lat' dir='ltr'><strong>sua</strong></span> <span class='ocrx_word' id='word_1_383' title='bbox 2266 4020 2446 4106; x_wconf 79' lang='lat' dir='ltr'><strong>annorum,</strong></span> 
     </span>
    </p>
   </div>
   <div class='ocr_carea' id='block_1_5' title="bbox 278 4096 2448 4216">
    <p class='ocr_par' dir='ltr' id='par_1_6' title="bbox 278 4096 2448 4216">
     <span class='ocr_line' id='line_1_30' title="bbox 278 4096 2448 4216; baseline -0 -27"><span class='ocrx_word' id='word_1_384' title='bbox 278 4130 283 4137; x_wconf 85' lang='lat'>&#39;</span> <span class='ocrx_word' id='word_1_385' title='bbox 337 4196 339 4200; x_wconf 51' lang='grc'>,</span> <span class='ocrx_word' id='word_1_386' title='bbox 423 4114 512 4216; x_wconf 67' lang='grc' dir='ltr'><strong>Ιιριιὶ</strong></span> <span class='ocrx_word' id='word_1_387' title='bbox 545 4120 625 4188; x_wconf 84' lang='lat' dir='ltr'><strong>ante</strong></span> <span class='ocrx_word' id='word_1_388' title='bbox 655 4136 812 4212; x_wconf 81' lang='lat' dir='ltr'><strong>pugnam</strong></span> <span class='ocrx_word' id='word_1_389' title='bbox 839 4110 1022 4185; x_wconf 81' lang='lat' dir='ltr'><strong>Actiacam</strong></span> <span class='ocrx_word' id='word_1_390' title='bbox 1052 4108 1166 4207; x_wconf 90' lang='lat' dir='ltr'><strong>elapsi</strong></span> <span class='ocrx_word' id='word_1_391' title='bbox 1191 4108 1353 4201; x_wconf 79' lang='lat' dir='ltr'><strong>fuerant,</strong></span> <span class='ocrx_word' id='word_1_392' title='bbox 1385 4107 1571 4184; x_wconf 89' lang='lat' dir='ltr'><strong>decursum</strong></span> <span class='ocrx_word' id='word_1_393' title='bbox 1606 4112 1696 4206; x_wconf 83' lang='lat' dir='ltr'><strong>stylo</strong></span> <span class='ocrx_word' id='word_1_394' title='bbox 1727 4117 1934 4211; x_wconf 86' lang='lat' dir='ltr'><strong>persecutus</strong></span> <span class='ocrx_word' id='word_1_395' title='bbox 1969 4114 2014 4187; x_wconf 88' lang='lat' dir='ltr'><strong>sit</strong></span> <span class='ocrx_word' id='word_1_396' title='bbox 2042 4139 2171 4216; x_wconf 85' lang='lat' dir='ltr'><strong>resque</strong></span> <span class='ocrx_word' id='word_1_397' title='bbox 2196 4139 2218 4188; x_wconf 90' lang='lat' dir='ltr'><strong>a</strong></span> <span class='ocrx_word' id='word_1_398' title='bbox 2241 4138 2282 4188; x_wconf 86' lang='lat' dir='ltr'><strong>se</strong></span> <span class='ocrx_word' id='word_1_399' title='bbox 2307 4096 2448 4214; x_wconf 75' lang='lat' dir='ltr'><strong>publico</strong></span> 
     </span>
    </p>
   </div>
   <div class='ocr_carea' id='block_1_6' title="bbox 355 4225 2476 4814">
    <p class='ocr_par' dir='ltr' id='par_1_7' title="bbox 355 4225 2476 4804">
     <span class='ocr_line' id='line_1_31' title="bbox 355 4225 2448 4337; baseline 0.001 -31"><span class='ocrx_word' id='word_1_400' title='bbox 355 4269 358 4273; x_wconf 96' lang='lat'>·</span> <span class='ocrx_word' id='word_1_401' title='bbox 449 4240 570 4337; x_wconf 76' lang='lat' dir='ltr'><strong>gestas</strong></span> <span class='ocrx_word' id='word_1_402' title='bbox 594 4231 821 4306; x_wconf 87' lang='lat' dir='ltr'><strong>enarraverit.</strong></span> <span class='ocrx_word' id='word_1_403' title='bbox 872 4225 916 4300; x_wconf 92' lang='lat' dir='ltr'><strong>Id</strong></span> <span class='ocrx_word' id='word_1_404' title='bbox 938 4234 1054 4300; x_wconf 90' lang='lat' dir='ltr'><strong>tamen</strong></span> <span class='ocrx_word' id='word_1_405' title='bbox 1077 4226 1152 4300; x_wconf 84' lang='lat' dir='ltr'><strong>reri</strong></span> <span class='ocrx_word' id='word_1_406' title='bbox 1175 4226 1289 4300; x_wconf 89' lang='lat' dir='ltr'><strong>simile</strong></span> <span class='ocrx_word' id='word_1_407' title='bbox 1314 4234 1369 4301; x_wconf 90' lang='lat' dir='ltr'><strong>est</strong></span> <span class='ocrx_word' id='word_1_408' title='bbox 1401 4235 1436 4302; x_wconf 88' lang='lat' dir='ltr'><strong>et</strong></span> <span class='ocrx_word' id='word_1_409' title='bbox 1462 4225 1591 4302; x_wconf 87' lang='lat' dir='ltr'><strong>suadet</strong></span> <span class='ocrx_word' id='word_1_410' title='bbox 1612 4227 1705 4302; x_wconf 91' lang='lat' dir='ltr'><strong>illius</strong></span> <span class='ocrx_word' id='word_1_411' title='bbox 1733 4227 1851 4328; x_wconf 90' lang='lat' dir='ltr'><strong>operis</strong></span> <span class='ocrx_word' id='word_1_412' title='bbox 1874 4231 2077 4328; x_wconf 89' lang='lat' dir='ltr'><strong>consilimn,</strong></span> <span class='ocrx_word' id='word_1_413' title='bbox 2105 4234 2353 4333; x_wconf 87' lang='lat' dir='ltr'><strong>Augustum</strong></span> <span class='ocrx_word' id='word_1_414' title='bbox 2338 4260 2379 4309; x_wconf 91' lang='grc' dir='ltr'><strong>ιιι</strong></span> <span class='ocrx_word' id='word_1_415' title='bbox 2406 4257 2448 4308; x_wconf 85' lang='lat' dir='ltr'><strong>oo</strong></span> 
     </span>
     <span class='ocr_line' id='line_1_32' title="bbox 452 4345 2448 4451; baseline 0.002 -27"><span class='ocrx_word' id='word_1_416' title='bbox 452 4348 537 4426; x_wconf 89' lang='lat' dir='ltr'><strong>illud</strong></span> <span class='ocrx_word' id='word_1_417' title='bbox 563 4348 791 4451; x_wconf 89' lang='lat' dir='ltr'><strong>potissimmn</strong></span> <span class='ocrx_word' id='word_1_418' title='bbox 822 4351 1022 4448; x_wconf 88' lang='lat' dir='ltr'><strong>spectasse,</strong></span> <span class='ocrx_word' id='word_1_419' title='bbox 1055 4350 1116 4439; x_wconf 89' lang='lat' dir='ltr'><strong>ut,</strong></span> <span class='ocrx_word' id='word_1_420' title='bbox 1155 4369 1196 4418; x_wconf 90' lang='lat' dir='ltr'><strong>se</strong></span> <span class='ocrx_word' id='word_1_421' title='bbox 1231 4345 1379 4446; x_wconf 83' lang='lat' dir='ltr'><strong>srrisquc</strong></span> <span class='ocrx_word' id='word_1_422' title='bbox 1413 4346 1451 4420; x_wconf 91' lang='lat' dir='ltr'><strong>in</strong></span> <span class='ocrx_word' id='word_1_423' title='bbox 1482 4347 1655 4421; x_wconf 83' lang='lat' dir='ltr'><strong>civitatem</strong></span> <span class='ocrx_word' id='word_1_424' title='bbox 1691 4345 1826 4421; x_wconf 88' lang='lat' dir='ltr'><strong>meritis</strong></span> <span class='ocrx_word' id='word_1_425' title='bbox 1855 4349 2039 4449; x_wconf 90' lang='lat' dir='ltr'><strong>splendide</strong></span> <span class='ocrx_word' id='word_1_426' title='bbox 2066 4352 2191 4448; x_wconf 86' lang='lat' dir='ltr'><strong>elatis,</strong></span> <span class='ocrx_word' id='word_1_427' title='bbox 2222 4350 2277 4428; x_wconf 91' lang='lat' dir='ltr'><strong>M.</strong></span> <span class='ocrx_word' id='word_1_428' title='bbox 2304 4350 2448 4427; x_wconf 78' lang='lat' dir='ltr'><strong>Antoni</strong></span> 
     </span>
     <span class='ocr_line' id='line_1_33' title="bbox 451 4443 2476 4571; baseline 0.001 -28"><span class='ocrx_word' id='word_1_429' title='bbox 451 4443 578 4544; x_wconf 81' lang='lat' dir='ltr'><strong>leudes</strong></span> <span class='ocrx_word' id='word_1_430' title='bbox 600 4464 832 4558; x_wconf 87' lang='lat' dir='ltr'><strong>obtrectaret,</strong></span> <span class='ocrx_word' id='word_1_431' title='bbox 869 4488 952 4536; x_wconf 91' lang='lat' dir='ltr'><strong>eum</strong></span> <span class='ocrx_word' id='word_1_432' title='bbox 976 4466 1146 4562; x_wconf 90' lang='lat' dir='ltr'><strong>majorem</strong></span> <span class='ocrx_word' id='word_1_433' title='bbox 1171 4464 1208 4538; x_wconf 95' lang='lat' dir='ltr'><strong>in</strong></span> <span class='ocrx_word' id='word_1_434' title='bbox 1230 4470 1467 4563; x_wconf 87' lang='lat' dir='ltr'><strong>contemptum</strong></span> <span class='ocrx_word' id='word_1_435' title='bbox 1488 4462 1736 4540; x_wconf 87' lang='lat' dir='ltr'><strong>adduceret&#39;</strong></span> <span class='ocrx_word' id='word_1_436' title='bbox 1705 4471 1810 4566; x_wconf 87' lang='lat' dir='ltr'><strong>erqdc</strong></span> <span class='ocrx_word' id='word_1_437' title='bbox 1833 4469 1979 4569; x_wconf 82' lang='lat' dir='ltr'><strong>grauius</strong></span> <span class='ocrx_word' id='word_1_438' title='bbox 2006 4468 2102 4568; x_wconf 90' lang='lat' dir='ltr'><strong>apud</strong></span> <span class='ocrx_word' id='word_1_439' title='bbox 2129 4471 2309 4571; x_wconf 88' lang='lat' dir='ltr'><strong>populum</strong></span> <span class='ocrx_word' id='word_1_440' title='bbox 2329 4470 2476 4546; x_wconf 66' lang='lat' dir='ltr'><strong>odinms</strong></span> 
     </span>
     <span class='ocr_line' id='line_1_34' title="bbox 450 4580 2449 4708; baseline 0.003 -46.01"><span class='ocrx_word' id='word_1_441' title='bbox 450 4581 595 4664; x_wconf 76' lang='lat' dir='ltr'><strong>famosa</strong></span> <span class='ocrx_word' id='word_1_442' title='bbox 618 4585 827 4684; x_wconf 84' lang='lat' dir='ltr'><strong>Cleopatrae</strong></span> <span class='ocrx_word' id='word_1_443' title='bbox 855 4580 1110 4664; x_wconf 87' lang='lat' dir='ltr'><strong>consuetudine</strong></span> <span class='ocrx_word' id='word_1_444' title='bbox 1142 4607 1185 4657; x_wconf 88' lang='lat' dir='ltr'><strong>ac</strong></span> <span class='ocrx_word' id='word_1_445' title='bbox 1217 4583 1327 4657; x_wconf 84' lang='lat' dir='ltr'><strong>veluti</strong></span> <span class='ocrx_word' id='word_1_446' title='bbox 1355 4584 1605 4683; x_wconf 80' lang='lat' dir='ltr'><strong>sponsalibus,</strong></span> <span class='ocrx_word' id='word_1_447' title='bbox 1637 4610 1728 4708; x_wconf 90' lang='lat' dir='ltr'><strong>quae</strong></span> <span class='ocrx_word' id='word_1_448' title='bbox 1760 4585 1912 4685; x_wconf 90' lang='lat' dir='ltr'><strong>imperio</strong></span> <span class='ocrx_word' id='word_1_449' title='bbox 1943 4587 2106 4662; x_wconf 86' lang='lat' dir='ltr'><strong>Romano</strong></span> <span class='ocrx_word' id='word_1_450' title='bbox 2139 4585 2323 4665; x_wconf 87' lang='lat' dir='ltr'><strong>interitum</strong></span> <span class='ocrx_word' id='word_1_451' title='bbox 2348 4591 2449 4666; x_wconf 88' lang='lat' dir='ltr'><strong>mini-</strong></span> 
     </span>
     <span class='ocr_line' id='line_1_35' title="bbox 452 4700 1510 4814; baseline -0.006 -33"><span class='ocrx_word' id='word_1_452' title='bbox 452 4715 632 4800; x_wconf 89' lang='lat' dir='ltr'><strong>tarentur,</strong></span> <span class='ocrx_word' id='word_1_453' title='bbox 659 4702 936 4804; x_wconf 87' lang='lat' dir='ltr'><strong>quibuscmnque</strong></span> <span class='ocrx_word' id='word_1_454' title='bbox 960 4707 1082 4799; x_wconf 88' lang='lat' dir='ltr'><strong>posset</strong></span> <span class='ocrx_word' id='word_1_455' title='bbox 1107 4700 1309 4814; x_wconf 88' lang='lat' dir='ltr'><strong>criminibus</strong></span> <span class='ocrx_word' id='word_1_456' title='bbox 1332 4701 1510 4778; x_wconf 87' lang='lat' dir='ltr'><strong>conflaret.</strong></span> 
     </span>
    </p>
   </div>
   <div class='ocr_carea' id='block_1_7' title="bbox 453 4833 2448 5660">
    <p class='ocr_par' dir='ltr' id='par_1_8' title="bbox 453 4833 2448 5179">
     <span class='ocr_line' id='line_1_36' title="bbox 604 4833 2448 4975; baseline 0.003 -60"><span class='ocrx_word' id='word_1_457' title='bbox 604 4839 727 4975; x_wconf 85' lang='lat' dir='ltr'><strong>Neque</strong></span> <span class='ocrx_word' id='word_1_458' title='bbox 751 4836 898 4911; x_wconf 91' lang='lat' dir='ltr'><strong>dubium</strong></span> <span class='ocrx_word' id='word_1_459' title='bbox 921 4843 974 4910; x_wconf 91' lang='lat' dir='ltr'><strong>est</strong></span> <span class='ocrx_word' id='word_1_460' title='bbox 995 4838 1077 4936; x_wconf 86' lang='lat' dir='ltr'><strong>quin</strong></span> <span class='ocrx_word' id='word_1_461' title='bbox 1100 4837 1138 4911; x_wconf 92' lang='lat' dir='ltr'><strong>in</strong></span> <span class='ocrx_word' id='word_1_462' title='bbox 1159 4833 1368 4936; x_wconf 88' lang='lat' dir='ltr'><strong>exponenda</strong></span> <span class='ocrx_word' id='word_1_463' title='bbox 1387 4861 1519 4938; x_wconf 86' lang='lat' dir='ltr'><strong>pugna</strong></span> <span class='ocrx_word' id='word_1_464' title='bbox 1531 4820 1734 4916; x_wconf 78' lang='lat' dir='ltr'><strong>adActium</strong></span> <span class='ocrx_word' id='word_1_465' title='bbox 1751 4846 1786 4915; x_wconf 89' lang='lat' dir='ltr'><strong>et</strong></span> <span class='ocrx_word' id='word_1_466' title='bbox 1815 4840 1973 4936; x_wconf 85' lang='lat' dir='ltr'><strong>victoria,</strong></span> <span class='ocrx_word' id='word_1_467' title='bbox 2007 4867 2076 4941; x_wconf 89' lang='lat' dir='ltr'><strong>qua</strong></span> <span class='ocrx_word' id='word_1_468' title='bbox 2102 4842 2194 4918; x_wconf 84' lang='lat' dir='ltr'><strong>vitae</strong></span> <span class='ocrx_word' id='word_1_469' title='bbox 2215 4868 2304 4920; x_wconf 85' lang='lat' dir='ltr'><strong>suae</strong></span> <span class='ocrx_word' id='word_1_470' title='bbox 2325 4845 2448 4920; x_wconf 88' lang='lat' dir='ltr'><strong>trium·</strong></span> 
     </span>
     <span class='ocr_line' id='line_1_37' title="bbox 453 4952 2448 5118; baseline 0.005 -83"><span class='ocrx_word' id='word_1_471' title='bbox 453 4961 556 5035; x_wconf 82' lang='lat' dir='ltr'><strong>viruli</strong></span> <span class='ocrx_word' id='word_1_472' title='bbox 591 4957 691 5059; x_wconf 90' lang='lat' dir='ltr'><strong>qnasi</strong></span> <span class='ocrx_word' id='word_1_473' title='bbox 718 4957 946 5055; x_wconf 90' lang='lat' dir='ltr'><strong>colophonem</strong></span> <span class='ocrx_word' id='word_1_474' title='bbox 976 4952 1130 5049; x_wconf 90' lang='lat' dir='ltr'><strong>addidit,</strong></span> <span class='ocrx_word' id='word_1_475' title='bbox 1175 4953 1391 5031; x_wconf 89' lang='lat' dir='ltr'><strong>ambitiosior</strong></span> <span class='ocrx_word' id='word_1_476' title='bbox 1424 4956 1611 5104; x_wconf 87' lang='lat' dir='ltr'><strong>laudisque</strong></span> <span class='ocrx_word' id='word_1_477' title='bbox 1643 4983 1730 5037; x_wconf 89' lang='lat' dir='ltr'><strong>suae</strong></span> <span class='ocrx_word' id='word_1_478' title='bbox 1762 4958 1922 5059; x_wconf 86' lang='lat' dir='ltr'><strong>cupidior</strong></span> <span class='ocrx_word' id='word_1_479' title='bbox 1953 4984 2075 5035; x_wconf 90' lang='lat' dir='ltr'><strong>rerum</strong></span> <span class='ocrx_word' id='word_1_480' title='bbox 2116 4968 2298 5118; x_wconf 86' lang='lat' dir='ltr'><strong>enarrator</strong></span> <span class='ocrx_word' id='word_1_481' title='bbox 2335 4962 2448 5044; x_wconf 70' lang='lat' dir='ltr'><strong>fuerit</strong></span> 
     </span>
     <span class='ocr_line' id='line_1_38' title="bbox 454 5074 992 5211; baseline -0.015 -57"><span class='ocrx_word' id='word_1_482' title='bbox 454 5079 534 5211; x_wconf 87' lang='lat' dir='ltr'><strong>lluc</strong></span> <span class='ocrx_word' id='word_1_483' title='bbox 551 5076 729 5179; x_wconf 86' lang='lat' dir='ltr'><strong>pertinet,</strong></span> <span class='ocrx_word' id='word_1_484' title='bbox 762 5074 856 5188; x_wconf 83' lang='lat' dir='ltr'><strong>quod</strong></span> <span class='ocrx_word' id='word_1_485' title='bbox 887 5074 992 5148; x_wconf 89' lang='lat' dir='ltr'><strong>babet</strong></span> 
     </span>
    </p>

    <p class='ocr_par' dir='ltr' id='par_1_9' title="bbox 455 5161 2447 5532">
     <span class='ocr_line' id='line_1_39' title="bbox 606 5161 2447 5298; baseline 0.002 -26"><span class='ocrx_word' id='word_1_486' title='bbox 606 5193 728 5272; x_wconf 82' lang='lat' dir='ltr'><strong>xvl.</strong></span> <span class='ocrx_word' id='word_1_487' title='bbox 742 5178 901 5270; x_wconf 75' lang='lat' dir='ltr'><strong>Servius</strong></span> <span class='ocrx_word' id='word_1_488' title='bbox 929 5189 976 5264; x_wconf 88' lang='lat' dir='ltr'><strong>ad</strong></span> <span class='ocrx_word' id='word_1_489' title='bbox 1002 5161 1127 5292; x_wconf 69' lang='lat' dir='ltr'><strong>virgil.</strong></span> <span class='ocrx_word' id='word_1_490' title='bbox 1152 5192 1247 5267; x_wconf 90' lang='lat' dir='ltr'><strong>Aen.</strong></span> <span class='ocrx_word' id='word_1_491' title='bbox 1280 5191 1379 5268; x_wconf 86' lang='lat' dir='ltr'><strong>Libr.</strong></span> <span class='ocrx_word' id='word_1_492' title='bbox 1400 5185 1501 5272; x_wconf 78' lang='lat' dir='ltr'><strong>VIII.</strong></span> <span class='ocrx_word' id='word_1_493' title='bbox 1531 5219 1565 5269; x_wconf 83' lang='lat' dir='ltr'><strong>r.</strong></span> <span class='ocrx_word' id='word_1_494' title='bbox 1590 5197 1698 5275; x_wconf 85' lang='grc' dir='ltr'><strong><em>696.ι</em></strong></span> <span class='ocrx_word' id='word_1_495' title='bbox 1730 5191 1815 5291; x_wconf 81' lang='lat' dir='ltr'><strong>„Et</strong></span> <span class='ocrx_word' id='word_1_496' title='bbox 1840 5196 2060 5298; x_wconf 79' lang='lat' dir='ltr'><strong>Augustus</strong></span> <span class='ocrx_word' id='word_1_497' title='bbox 2049 5225 2084 5272; x_wconf 90' lang='grc' dir='ltr'><strong>ιιι</strong></span> <span class='ocrx_word' id='word_1_498' title='bbox 2109 5189 2447 5275; x_wconf 78' lang='lat' dir='ltr'><strong>commemoratione</strong></span> 
     </span>
     <span class='ocr_line' id='line_1_40' title="bbox 455 5309 2447 5496; baseline 0.003 -106"><span class='ocrx_word' id='word_1_499' title='bbox 455 5315 560 5390; x_wconf 83' lang='lat' dir='ltr'><strong>Vitae</strong></span> <span class='ocrx_word' id='word_1_500' title='bbox 588 5338 675 5388; x_wconf 88' lang='lat' dir='ltr'><strong>suae</strong></span> <span class='ocrx_word' id='word_1_501' title='bbox 697 5311 829 5386; x_wconf 82' lang='grc' dir='ltr'><strong><em>ιε1οι1ι</em></strong></span> <span class='ocrx_word' id='word_1_502' title='bbox 862 5309 1099 5411; x_wconf 85' lang='lat' dir='ltr'><strong>Antonium</strong></span> <span class='ocrx_word' id='word_1_503' title='bbox 1083 5309 1251 5408; x_wconf 81' lang='lat' dir='ltr'><strong>Jusaisse,</strong></span> <span class='ocrx_word' id='word_1_504' title='bbox 1289 5319 1330 5386; x_wconf 88' lang='lat' dir='ltr'><strong>ut</strong></span> <span class='ocrx_word' id='word_1_505' title='bbox 1341 5311 1515 5461; x_wconf 82' lang='lat' dir='ltr'><strong>legiones</strong></span> <span class='ocrx_word' id='word_1_506' title='bbox 1549 5337 1635 5388; x_wconf 88' lang='lat' dir='ltr'><strong>suae</strong></span> <span class='ocrx_word' id='word_1_507' title='bbox 1667 5312 1774 5460; x_wconf 90' lang='lat' dir='ltr'><strong>apud</strong></span> <span class='ocrx_word' id='word_1_508' title='bbox 1803 5314 2027 5496; x_wconf 83' lang='lat' dir='ltr'><strong>Cleopatram</strong></span> <span class='ocrx_word' id='word_1_509' title='bbox 2055 5317 2269 5394; x_wconf 82' lang='lat' dir='ltr'><strong>excubarent</strong></span> <span class='ocrx_word' id='word_1_510' title='bbox 2301 5323 2447 5421; x_wconf 79' lang='lat' dir='ltr'><strong>ejusque</strong></span> 
     </span>
     <span class='ocr_line' id='line_1_41' title="bbox 455 5430 966 5567; baseline -0.006 -61.994"><span class='ocrx_word' id='word_1_511' title='bbox 455 5437 546 5508; x_wconf 80' lang='lat' dir='ltr'><strong>&#39;nutu</strong></span> <span class='ocrx_word' id='word_1_512' title='bbox 575 5433 642 5508; x_wconf 87' lang='lat' dir='ltr'><strong>ct</strong></span> <span class='ocrx_word' id='word_1_513' title='bbox 627 5451 734 5529; x_wconf 85' lang='lat' dir='ltr'><strong>Jussu</strong></span> <span class='ocrx_word' id='word_1_514' title='bbox 756 5430 966 5567; x_wconf 72' lang='lat' dir='ltr'><strong>parerent.“</strong></span> 
     </span>
    </p>

    <p class='ocr_par' dir='ltr' id='par_1_10' title="bbox 609 5499 2444 5660">
     <span class='ocr_line' id='line_1_42' title="bbox 609 5499 2444 5660; baseline 0.004 -38"><span class='ocrx_word' id='word_1_515' title='bbox 609 5539 674 5622; x_wconf 79' lang='lat' dir='ltr'><strong>llic</strong></span> <span class='ocrx_word' id='word_1_516' title='bbox 694 5549 792 5624; x_wconf 87' lang='lat' dir='ltr'><strong>locus</strong></span> <span class='ocrx_word' id='word_1_517' title='bbox 813 5572 884 5622; x_wconf 90' lang='grc' dir='ltr'><strong><em>ιιοιι</em></strong></span> <span class='ocrx_word' id='word_1_518' title='bbox 902 5547 938 5621; x_wconf 90' lang='grc' dir='ltr'><strong>1ιι</strong></span> <span class='ocrx_word' id='word_1_519' title='bbox 960 5543 1123 5622; x_wconf 88' lang='lat' dir='ltr'><strong>omnibus</strong></span> <span class='ocrx_word' id='word_1_520' title='bbox 1150 5537 1267 5660; x_wconf 85' lang='lat' dir='ltr'><strong>Servii</strong></span> <span class='ocrx_word' id='word_1_521' title='bbox 1289 5544 1481 5628; x_wconf 79' lang='lat' dir='ltr'><strong>codicibus</strong></span> <span class='ocrx_word' id='word_1_522' title='bbox 1504 5558 1686 5651; x_wconf 85' lang='lat' dir='ltr'><strong>comparet</strong></span> <span class='ocrx_word' id='word_1_523' title='bbox 1715 5575 1830 5653; x_wconf 83' lang='lat' dir='ltr'><strong>neque</strong></span> <span class='ocrx_word' id='word_1_524' title='bbox 1859 5572 1883 5625; x_wconf 82' lang='lat' dir='ltr'><strong>a</strong></span> <span class='ocrx_word' id='word_1_525' title='bbox 1917 5576 1989 5654; x_wconf 90' lang='lat' dir='ltr'><strong>quo</strong></span> <span class='ocrx_word' id='word_1_526' title='bbox 2021 5563 2066 5629; x_wconf 88' lang='lat' dir='ltr'><strong>et</strong></span> <span class='ocrx_word' id='word_1_527' title='bbox 2084 5499 2181 5630; x_wconf 87' lang='lat' dir='ltr'><strong>undo</strong></span> <span class='ocrx_word' id='word_1_528' title='bbox 2204 5553 2253 5632; x_wconf 85' lang='lat' dir='ltr'><strong>sit</strong></span> <span class='ocrx_word' id='word_1_529' title='bbox 2270 5554 2444 5657; x_wconf 85' lang='lat' dir='ltr'><strong>appictus,</strong></span> 
     </span>
    </p>
   </div>
   <div class='ocr_carea' id='block_1_8' title="bbox 0 0 2885 6564">
    <p class='ocr_par' dir='ltr' id='par_1_11' title="bbox 0 0 2885 6564">
     <span class='ocr_line' id='line_1_43' title="bbox 0 0 2885 6564; baseline 0 0"><span class='ocrx_word' id='word_1_530' title='bbox 0 0 2885 6564; x_wconf 95' lang='lat' dir='ltr'><strong> </strong></span> 
     </span>
    </p>
   </div>
  </div>
 </body>
</html>
