5717 6575
1160 1259 1340 1359 LIBER
1374 1253 1631 1359 ursulus

1371 1454 1422 1521 nn

829 1602 1420 1743 consultus
1450 1608 1961 1741 AUGUSTI

990 1836 1335 1918 ORATIONIBUS
1359 1834 1431 1915 ΕΤ
1456 1836 1795 1917 SERMONIBUS.

1247 2033 1548 2059 Μ

288 2302 295 2307 ’
397 2250 621 2375 vomerem
645 2291 850 2394 Augustum
872 2288 918 2367 ab
941 2297 1058 2367 aetate
1083 2290 1202 2392 prima
1226 2288 1273 2367 sd
1297 2293 1457 2372 studium
1480 2292 1704 2397 eloquentiae
1731 2291 1863 2394 cupide
1890 2288 2095 2368 incubuisse
2118 2313 2266 2390 eernquu
2289 2286 2389 2366 labo·

396 2408 595 2486 riesissime
615 2410 845 2506 exercuisse,
871 2412 1001 2512 partim
1023 2436 1067 2487 ca
1089 2408 1338 2489 demonstrant
1361 2439 1452 2515 quae
1474 2412 1519 2488 de
1540 2414 1694 2516 pueritia
1717 2416 1796 2515 ejus
1831 2436 1872 2488 ao
1902 2412 2081 2514 magistris
2105 2408 2215 2484 Libro
2237 2407 2273 2485 1.
2299 2404 2386 2481 scri·

399 2529 560 2631 psimus‚
585 2529 715 2631 partim
739 2526 921 2630 expressis
941 2529 1058 2606 verbis
1088 2537 1303 2608 contestatur
1327 2532 1524 2610 Suetonius
1548 2559 1581 2611 c.
1608 2538 1694 2629 84„
1723 2556 1840 2634 aquo
1865 2555 1931 2607 sua
1956 2537 2139 2605 mutuatus
2163 2536 2218 2603 est
2238 2527 2294 2620 is,
2327 2521 2390 2626 qui

399 2648 489 2724 iecit
512 2647 704 2749 Epitomen
723 2647 827 2726 Sext.
850 2648 986 2723 Aurelii
1010 2647 1166 2726 Victoris
1190 2651 1236 2726 de
1263 2651 1473 2727 Caesaribus
1494 2677 1527 2729 c.
1553 2659 1588 2730 l.
1612 2664 1645 2746 §.
1671 2656 1733 2728 17.
1767 2652 1955 2727 Praeterea
1990 2650 2205 2749 scriptorum
2228 2655 2390 2721 vetem

398 2767 617 2864 testimonia,
642 2792 733 2868 quae
757 2767 828 2842 huc
849 2774 1027 2868 spectant,
1059 2766 1246 2871 diligenter
1270 2769 1434 2873 quidem,
1468 2773 1591 2847 relicto
1614 2778 1733 2846 tamen
1752 2768 1952 2871 spicilegio,
1982 2770 2119 2869 collegit
2143 2767 2189 2841 11.
2216 2765 2388 2858 Meyerrus

399 2885 442 2962 iu
466 2885 661 2964 Omtorum
683 2885 834 2962 Roman.
856 2885 1001 2988 Fragm.
1025 2887 1072 2964 Ν.
1097 2889 1237 2966 ΧΟΠΙ.
1262 2916 1300 2990 p.
1327 2895 1402 2967 223
1429 2916 1486 2992 sq.
1535 2889 1639 2991 Quae
1662 2886 1710 2965 ad
1741 2888 1821 2965 illos
1854 2889 2044 2988 scriptores
2067 2887 2113 2960 de
2134 2883 2290 2986 Augusti
2312 2883 2390 2956 elo·

399 3007 545 3108 quentia
563 3005 608 3082 ab
634 3003 842 3081 Editoribus
867 3014 962 3082 reete
985 3013 1089 3108 etque
1109 3009 1241 3084 utiliter
1264 3010 1395 3086 monita
1414 3017 1515 3107 sunt,
1541 3035 1605 3104 ea,
1630 3005 1694 3082 ubi
1720 3032 1850 3108 operae
1875 3008 1961 3081 mibi
1984 3007 2073 3102 erit,
2104 3006 2142 3080 in
2172 3029 2252 3078 rem
2272 3024 2389 3078 meaur

400 3133 623 3219 consertam
658 3125 846 3224 separatim
870 3131 989 3199 autem
1017 3123 1065 3200 de
1088 3151 1131 3202 ea
1154 3129 1294 3230 scripsit
1326 3127 1385 3206 Jo.
1408 3127 1506 3206 Gaii.
1531 3129 1711 3231 Rergcrus
1732 3129 1769 3202 in
1791 3125 1947 3227 Speeim.
1973 3126 2004 3203 1.
2028 3124 2238 3200 Rhetorices
2260 3119 2390 3223 Augu·

400 3254 492 3323 stae.
514 3243 730 3347 Vitebergae
753 3248 866 3324 1710.
889 3249 927 3322 4.
953 3252 988 3320 et
1013 3244 1173 3347 Specim.
1198 3248 1247 3324 11.
1285 3246 1465 3350 Viteberg.
1500 3252 1613 3329 1713.
1635 3251 1694 3342 a,
1729 3271 1834 3348 quem
1853 3245 1986 3322 'amen
2011 3269 2136 3320 vereor
2155 3268 2201 3319 ue
2220 3242 2265 3317 'in
2290 3239 2390 3315 ircu-

396 3362 482 3440 dem
505 3362 686 3439 induxerit
708 3365 853 3465 ejusque
871 3362 1047 3472 judicium
1080 3391 1124 3442 ea
1147 3364 1194 3443 de
1219 3392 1262 3442 re
1285 3369 1485 3467 corruperit
1507 3368 1702 3442 inveterata
1730 3367 1798 3441 ista
1821 3392 1864 3442 ac
1891 3389 2015 3441 secure
2049 3388 2072 3439 a
2108 3362 2228 3438 multis
2259 3383 2389 3462 propa-

399 3490 487 3585 gau
512 3483 651 3583 opinio,
674 3508 747 3583 qua
768 3483 923 3585 Augusti
947 3508 1090 3585 quoque
1115 3486 1312 3581 orationes,
1340 3510 1426 3587 quas
1452 3509 1475 3560 a
1497 3485 1644 3564 Graecis
1665 3507 1785 3560 rerum
1807 3485 2049 3561 Romanarum
2071 3481 2309 3582 scriptoribus,
2330 3479 2397 3554 iu-

398 3602 529 3704 primis
555 3599 602 3677 ab
626 3601 794 3702 Appiam
817 3610 854 3677 et
871 3603 986 3678 Dione
1007 3602 1149 3700 Cassio,
1172 3606 1248 3680 suis
1267 3605 1440 3705 operibus
1470 3606 1620 3680 insertas
1645 3605 1815 3707 legimus,
1843 3630 1909 3705 pro
1934 3602 2096 3703 genuinis
2110 3609 2145 3677 et
2159 3626 2207 3675 ex
2226 3620 2390 3675 sermone

398 3720 554 3817 latino,
575 3720 693 3823 quoad
714 3746 782 3822 per
798 3719 960 3797 diversae
983 3722 1127 3824 linguae
1147 3723 1302 3799 indolem
1323 3721 1400 3798 fieri
1422 3731 1560 3825 posset,
1589 3748 1727 3799 summa
1753 3748 1834 3798 cum
1856 3721 1929 3797 tide
1950 3723 1989 3796 in
2010 3722 2189 3798 Graecum
2210 3714 2390 3793 bansiatia

401 3839 584 3918 iubentur.
633 3839 691 3915 De
718 3840 875 3915 venitote
899 3840 1006 3941 buius
1027 3842 1201 3943 opinionis
1226 3868 1309 3918 cunr
1331 3844 1371 3918 in
1392 3844 1598 3919 universum
1621 3843 1711 3917 satis
1729 3843 1871 3941 copiose
1892 3865 1934 3916 ac
1959 3839 2060 3915 docte
2085 3839 2289 3939 exposuerit
2302 3835 2387 3910 Ant.

399 3956 698 4034 Westermannus
720 3958 760 4034 in
782 3958 881 4036 libne
909 3965 1113 4038 Gesclriebte
1137 3966 1202 4040 der
1225 3967 1439 4039 semicolon
1464 3966 1748 4040 Beredteumlseit
1773 3970 1805 4053 §.
1830 3966 1890 4039 ll.
1914 3987 1950 4062 p.
1965 3966 2118 4061 ltsqq„
2143 3967 2220 4032 tum
2243 3954 2289 4029 de
2313 3953 2390 4029 ⁵5¹²·

401 4078 498 4181 gulis
521 4076 688 4177 deinceps
712 4076 928 4153 umbonibus
951 4101 974 4154 a
998 4105 1057 4155 mo
1081 4079 1215 4156 dioetur
1238 4092 1270 4174 §.
1297 4085 1321 4159 8
1347 4106 1425 4181 sqq.

554 4195 741 4297 Augustus
762 4220 834 4300 qua
867 4203 902 4271 et
927 4207 1057 4299 quanta
1087 4197 1226 4275 dicendi
1255 4198 1423 4275 facultate
1455 4197 1581 4294 suerit,
1614 4195 1754 4273 difficile
1787 4204 1842 4273 est
1875 4221 1918 4273 ac
1947 4194 2123 4273 lubricum
2149 4191 2390 4296 pronuntiare,

401 4339 486 4390 mm
510 4314 688 4390 orationes
712 4318 812 4416 ejus,
848 4316 882 4391 si
915 4318 1069 4393 minutas
1104 4317 1275 4421 quasdam
1303 4344 1427 4394 eurum
1450 4318 1616 4419 reliquias
1641 4316 1844 4417 exceperis,
1871 4315 2048 4392 adunam
2072 4339 2196 4389 omnes
2221 4319 2390 4388 vetustate

400 4432 617 4535 interceptae
641 4434 812 4535 perierint
835 4441 941 4537 atque
962 4437 1108 4538 insuper
1127 4438 1298 4538 perpauci
1324 4444 1459 4513 tantum
1483 4438 1672 4537 scriptores
1697 4436 1800 4536 eique
1824 4435 1968 4511 serioris
1990 4433 2072 4508 aevi
2092 4430 2138 4506 ad
2152 4430 2389 4506 testimomunr

397 4550 470 4629 bac
489 4553 529 4629 in
551 4577 678 4630 caussa
703 4551 887 4629 dicendum
911 4556 1030 4631 vocari
1054 4558 1203 4657 possint.
1254 4555 1295 4632 Si
1318 4562 1444 4632 testem
1466 4556 1622 4630 omnium
1642 4554 1933 4649 disertissimum,
1956 4552 2166 4630 Suetonium
2188 4576 2219 4623 c.
2235 4552 2298 4627 86.
2323 4572 2391 4626 au·

402 4669 544 4770 timus,
578 4671 753 4773 Princeps
782 4672 843 4748 iile
865 4674 903 4749 in
931 4674 1027 4750 omni
1048 4673 1302 4751 consuetudine
1326 4677 1382 4750 vel
1408 4676 1583 4750 sermonis
1607 4676 1663 4749 rel
1686 4673 1807 4774 scripti
1825 4680 1969 4748 secutus
1993 4680 2048 4746 est
2067 4666 2254 4771 eloquendi
2276 4691 2390 4770 genus

403 4791 547 4895 cleguus
570 4799 607 4867 et
625 4796 883 4893 temperatum,
914 4800 949 4869 et
971 4795 1064 4869 sicut
1089 4796 1342 4870 sententiarum
1364 4795 1511 4895 ineptias
1536 4803 1641 4895 etque
1666 4791 1929 4870 concinnitatem
1953 4798 1990 4865 et
2014 4788 2203 4865 verborum
2224 4784 2390 4864 1110ηὸ-

319 4957 322 4962 -
402 4917 522 4987 torum
542 4908 723 5008 foetores,
747 4918 789 4989 ut
810 4911 887 5012 ipse
909 4911 1022 5010 dixit,
1047 4913 1198 5009 vitabat,
1224 4916 1274 4988 ita
1295 4916 1520 5015 praeeipuam
1542 4937 1661 4988 curam
1697 4909 1864 5011 impendit
1893 4907 2162 5012 perspicuitati,
2204 4931 2273 5008 qua
2304 4930 2389 4983 sn·

403 5053 487 5107 eum
508 5028 615 5105 enimi
632 5055 738 5132 quum
763 5031 983 5131 apertissime
1004 5034 1239 5132 exprimeretr
1263 5033 1359 5134 quod
1384 5057 1453 5133 quo
1472 5032 1608 5109 facilius
1627 5029 1782 5105 efficeret
1803 5038 1865 5106 aut
1884 5028 2014 5120 necubi
2035 5030 2200 5103 lectorem
2217 5026 2274 5099 roi
2290 5021 2390 5099 audi·

396 5149 519 5230 'usn
540 5147 747 5226 obturbaret
770 5173 812 5225 ec
830 5157 1055 5247 moraretur,
1088 5176 1203 5256 neque
1228 5153 1509 5255 praepositiones
1520 5150 1649 5226 ,vertis
1675 5148 1810 5225 addere
1830 5173 1946 5250 neque
1968 5145 2225 5249 conjunctiones
2247 5141 2390 5243 saepius

403 5267 537 5348 licum
558 5266 749 5365 muare,
774 5294 867 5369 quac
892 5267 1069 5346 detractae
1093 5271 1243 5348 afferunt
1266 5270 1399 5373 aliquid
1422 5269 1666 5364 obscuritatis,
1688 5271 1755 5345 etsi
1778 5269 1927 5372 gratiam
1952 5273 2092 5369 augent.
2144 5261 2330 5337 Gaoozeios
2353 5270 2389 5335 et

400 5385 642 5491 antiquarios,
675 5395 718 5463 ut
751 5386 894 5465 diverso
927 5415 1058 5494 genere
1079 5391 1246 5489 videsue,
1275 5393 1353 5495 pari
1375 5390 1517 5467 fastidio
1541 5392 1696 5490 sprevit,
1723 5388 1995 5491 exagitabatque
2018 5401 2300 5483 nonnumquam
2331 5379 2390 5456 in·

398 5505 528 5611 llrlssfifl
548 5506 789 5595 7111111111111
813 5509 1344 5614 suum‚o15uspvposspqetr,
1377 5518 1418 5589 ut
1453 5509 1523 5607 uit,
1560 5508 1742 5588 durinnos
1770 5533 1882 5611 usque
1911 5529 2048 5611 qusque
2071 5502 2319 5607 persequitur,
2355 5506 2390 5574 et
