5717 6575
341 587 345 593 ·
483 502 622 644 rm
775 562 777 567 ’
1132 514 1811 674 'remrrmonrenroronsn

376 753 380 757 ’
485 769 696 850 Latinarum
719 774 815 845 ectus
838 737 928 865 tulit,
954 727 1200 866 monumenta,
1223 754 1301 846 tum
1323 772 1499 873 imprimis
1523 771 1569 846 ad
1593 796 1737 867 eorum,
1762 796 1853 873 qnae
1876 770 2047 871 temporis
2073 778 2245 848 vetustate
2273 771 2467 879 absumpta
2538 844 2542 851 .

488 916 524 984 et
547 909 717 1008 dissipata
743 914 874 1002 essent,
902 905 1066 1006 reliquias
1091 907 1351 1010 investigandas
1374 908 1659 1011 colligendasque
1678 909 1826 1023 ¹pretuli.
1876 905 1993 1008 quue
2014 907 2103 1006 feci,
2135 935 2206 984 non
2236 909 2321 1025 quia
2350 913 2463 988 boooe

415 1054 424 1061 ’
486 1044 593 1122 modo
622 1044 667 1119 de
689 1044 809 1122 litteris
837 1042 991 1142 antiquis
1018 1043 1218 1144 insignitius
1247 1046 1376 1120 mereri
1406 1029 1605 1147 nomenque
1628 1046 1773 1146 assequi
1797 1068 1998 1144 sperarem,
2031 1044 2097 1120 sed
2126 1053 2172 1121 ut
2190 1071 2281 1148 ego,
2307 1045 2464 1125 Sebolee

298 1168 322 1281 '¹
402 1258 404 1263 ,
446 1216 453 1225 ·
486 1181 839 1285 Programrnatarius,
864 1181 1044 1254 materiem
1066 1172 1245 1271 scribendi
1269 1180 1435 1257 haberem
1461 1189 1496 1257 et
1512 1167 1699 1283 'copiosam
1708 1181 1802 1277 satis
1830 1188 1865 1255 et
1885 1207 1973 1257 vero
1999 1185 2108 1257 etiem
2142 1183 2307 1260 novitatis
2341 1185 2461 1288 gretia

298 1398 303 1405 ,
373 1386 377 1391 .
419 1362 424 1371 ·
488 1321 638 1423 quadam
662 1344 741 1395 sese
759 1316 1076 1414 commendantem.

567 1670 576 1676 -
641 1626 687 1702 In
708 1624 776 1701 hoc
801 1624 999 1703 studiorum
1022 1648 1184 1699 meorum
1209 1651 1336 1722 cursu,
1361 1626 1400 1700 in
1426 1651 1496 1727 quo
1521 1633 1674 1701 mentem
1696 1626 1921 1727 negotiorum
1953 1649 2063 1725 saepe
2096 1625 2460 1704 illitteratissimorum

433 1774 438 1785 ’
487 1763 712 1844 multitudine
737 1762 930 1839 districtam
956 1762 1136 1836 continere
1155 1788 1212 1837 me
1241 1769 1439 1864 oporteret,
1469 1761 1548 1836 fieri
1579 1789 1651 1837 non
1684 1769 1826 1863 poterat
1858 1764 1945 1864 quin
1979 1763 2160 1864 aliquoties
2184 1761 2231 1838 ed
2265 1763 2462 1841 Gaesarem

487 1908 692 2005 Augustum
719 1899 924 1994 deducerer,
951 1910 1017 1998 per
1042 1925 1148 1999 quem
1173 1924 1312 1973 summa
1337 1900 1533 1973 litterarum
1559 1906 1595 1974 et
1619 1900 1748 1974 artium
1769 1912 1855 1974 'curn
1880 1899 2050 1995 omnium,
2085 1907 2160 1974 tum
2185 1901 2339 1979 maxime
2363 1896 2460 2007 ξω-

489 2042 538 2116 sis
563 2038 734 2140 elegantia
751 2041 887 2113 Romae
910 2035 1110 2109 effloruisse
1138 2042 1174 2108 et
1199 2061 1265 2136 per
1287 2062 1410 2110 ornnes
1435 2037 1579 2136 imperii
1609 2036 1698 2111 fines
1724 2037 1852 2111 diffusa
1877 2060 1957 2110 esse
1978 2036 2086 2139 vulgo
2112 2035 2346 2114 existimatur.-
2367 2036 2457 2175 que

489 2198 536 2252 an
559 2177 701 2276 injuria,
721 2199 792 2248 non
817 2179 921 2247 vacat
945 2172 1000 2245 bic
1025 2196 1204 2272 quaerere.
1256 2171 1348 2247 Illud
1372 2179 1490 2246 autern
1515 2180 1648 2246 certum
1673 2181 1727 2248 cst
1752 2181 1787 2247 et
1811 2174 2024 2273 optimorum
2057 2172 2270 2272 scriptorum
2302 2175 2458 2249 auctori·

488 2319 562 2388 tate
582 2339 623 2387 ac
646 2310 718 2386 lide
746 2308 1023 2419 comprobatum,
1049 2309 1146 2381 illum
1159 2307 1411 2408 Imperatorem
1430 2309 1542 2383 bonas
1564 2317 1658 2383 artes
1677 2315 1713 2382 et
1729 2310 1908 2410 utriusque
1923 2310 2066 2411 linguae
2083 2308 2217 2385 litteras
2232 2335 2305 2383 non
2320 2288 2458 2386 unium

382 2452 385 2457 ’
489 2445 749 2541 studiosissime
774 2447 934 2540 coluisse,
959 2443 1080 2518 sedin
1104 2451 1255 2545 utroque
1281 2445 1388 2519 etism
1422 2446 1643 2545 eloquentiae
1674 2449 1803 2546 genere
1841 2445 1974 2545 aliquot
2003 2446 2200 2520 litterarum
2229 2454 2457 2553 monumenta
2544 2456 2547 2464 '

488 2587 684 2687 reliquisse.
715 2583 852 2658 Verum
877 2581 963 2657 baec
990 2606 1130 2682 quoque
1155 2581 1271 2656 omnis
1296 2589 1436 2681 tempus
1460 2580 1555 2657 edax
1579 2607 1700 2659 rerum
1717 2582 1769 2654 ita
1794 2583 2030 2682 consumpsit,
2053 2589 2094 2657 ut
2116 2607 2161 2656 ne
2182 2607 2292 2658 unum
2317 2581 2457 2685 quidem

490 2723 536 2798 ed
561 2729 720 2797 nostram
745 2713 1116 2816 aetatdm'pervenerit
1142 2717 1319 2818 integrum
1347 2715 1643 2818 indelibatumque
1671 2724 1708 2790 et
1728 2715 1825 2790 haud
1849 2743 1965 2819 pauca
1980 2717 2087 2793 titulis
2112 2726 2248 2794 tantum
2272 2718 2458 2823 fragmen-

489 2861 579 2935 tisve
605 2857 769 2933 tenuibus
795 2880 837 2928 ac
859 2853 1007 2927 minutis
1030 2854 1133 2928 nobis
1158 2854 1381 2929 innotuerint.
1432 2856 1483 2928 At
1506 2855 1597 2928 istac
1628 2879 1775 2954 operum
1809 2879 1831 2927 a
1856 2854 2008 2930 Caesare
2039 2855 2203 2957 Augusto
2238 2857 2454 2958 scriptorum

434 3066 438 3073 .
488 2996 672 3096 reliquiae,
697 2990 920 3094 quantumvis
945 3015 1081 3090 paucae
1102 3015 1144 3063 ac
1169 2991 1319 3085 lacerae,
1344 2990 1502 3065 animum
1524 2997 1640 3064 tamen
1659 2996 1817 3063 nostrum
1841 2990 1932 3065 mira
1948 2990 2101 3092 quadarn
2126 2993 2159 3065 vi
2183 2994 2220 3067 in
2242 3019 2283 3068 se
2305 3018 2457 3069 convcr-

488 3140 566 3210 tunt
590 3158 631 3206 ac
655 3127 771 3204 studio
794 3127 914 3221 nescio
939 3152 1007 3226 quo
1033 3126 1205 3201 imbuunt.
1259 3124 1488 3226 Quapropter
1509 3126 1603 3200 nolui
1628 3126 1855 3222 committere,
1879 3133 1936 3222 ut,
1963 3128 2025 3228 qui
2048 3128 2086 3203 in
2109 3124 2311 3233 aequalium
2335 3130 2458 3232 Imp*
2584 3130 2589 3147 .

488 3268 617 3349 catoris
642 3266 738 3342 illius
763 3263 900 3364 scriptis
927 3261 1203 3365 colligendisque
1239 3286 1362 3337 eorum
1393 3262 1603 3364 fragmentis
1632 3264 1781 3338 multum
1813 3262 1923 3339 studii
1949 3263 2216 3369 industriaeque
2245 3267 2455 3370 posuissem,

454 3437 458 3445 ’
488 3408 670 3511 negligens
692 3402 807 3478 fuisse
831 3424 1000 3502 arguerer
1024 3401 1062 3473 in
1088 3424 1144 3493 eo,
1171 3400 1272 3498 cujus
1297 3423 1428 3474 nomen
1454 3424 1541 3500 prae
1565 3399 1747 3496 omnibus,
1774 3399 1984 3502 quicumque
2011 3400 2072 3478 ills
2099 3410 2214 3480 aetate
2246 3407 2310 3480 rel·
2336 3405 2456 3510 ulique

488 3542 621 3648 ingenii
640 3539 886 3639 doctrinaeque
900 3561 1012 3636 opere
1037 3538 1092 3610 vel
1118 3533 1366 3636 insignioribus
1389 3537 1426 3611 in
1441 3537 1576 3613 litteras
1600 3537 1735 3611 meritis
1750 3536 1999 3632 inclaruerunt,
2020 3539 2156 3615 enitere
2176 3551 2211 3615 et
2230 3531 2457 3646 praefulgere

489 3683 589 3759 solet.
641 3678 746 3778 Quae
769 3674 877 3775 igitur
898 3673 1034 3774 primus
1056 3672 1116 3746 ille
1142 3672 1381 3746 Romanorum
1406 3672 1602 3777 Imperator
1626 3672 1814 3773 scripsisse
1840 3681 1875 3749 et
1909 3674 2050 3774 publice
2082 3676 2290 3776 privatimve
2324 3680 2454 3757 chartis

488 3814 678 3893 mandasse
694 3811 857 3906 traditur,
881 3836 923 3884 ea
946 3810 1053 3884 statui
1079 3805 1178 3908 apud
1202 3808 1359 3883 animum
1385 3835 1502 3915 meum
1529 3807 1644 3885 denuo
1673 3836 1715 3885 ac
1748 3810 1969 3913 diligentius,
2007 3787 2113 3913 quarn
2148 3814 2292 3891 antebac
2322 3813 2456 3894 factum
2581 3853 2585 3863 ·

489 3938 557 4052 est,
580 3951 761 4054 inquirere
785 3954 820 4023 et
839 3972 986 4048 operum
1007 3945 1147 4019 ullorum
1170 3946 1335 4048 reliquias
1361 3949 1700 4048 quantulascumquc
1714 3954 1811 4021 certo
1837 3946 1991 4050 quodam
2007 3949 2209 4049 propositas
2232 3949 2354 4054 ordine
2373 3980 2455 4031 curn

383 4177 385 4182 ,
454 4157 460 4172 ,
489 4067 638 4168 aliorum
661 4087 829 4171 Vironum
857 4084 1067 4178 Doctorum,
1102 4090 1177 4157 t'um
1202 4084 1291 4157 meis
1316 4082 1628 4184 qualibuscumque
1654 4082 1936 4159 adnotationibus
1971 4086 2158 4163 illustrare.
2208 4086 2333 4190 Neque
2367 4090 2454 4168 milri

489 4228 629 4304 videtur
652 4219 855 4304 verendum
878 4245 971 4316 esse,
999 4224 1045 4294 ne
1059 4216 1187 4294 'actum
1212 4220 1248 4295 in
1274 4245 1315 4294 ea
1339 4245 1380 4295 re
1406 4221 1521 4323 egisse
1545 4218 1654 4316 dicar,
1674 4222 1745 4295 imo
1771 4191 1989 4322 sperandum
2012 4224 2149 4323 potius,
2174 4223 2337 4301 futtuum
2361 4248 2476 4325 esse,‘

489 4373 530 4441 ut
553 4388 686 4465 operae
711 4361 865 4461 pretium
890 4357 1015 4432 faciam
1042 4364 1078 4431 et
1105 4359 1257 4458 aliquam
1282 4355 1449 4458 gratiam',
1476 4358 1508 4433 si
1528 4384 1599 4435 non
1622 4357 1719 4460 apud
1745 4358 1908 4435 bomines
1933 4357 2107 4456 eruditos,
2128 4368 2222 4436 certe
2246 4361 2345 4463 apud
2364 4362 2455 4441 edo·
2524 4450 2533 4463 Ὅ

434 4494 436 4499 ’
489 4505 658 4578 lescentes
681 4473 880 4573 litterarum
904 4494 1127 4596 antiquarum
1152 4501 1309 4569 amantes
1329 4492 1457 4571 ineam.
1558 4571 1560 4578 ,
2049 4492 2052 4501 “

642 4772 785 4849 Primus
823 4771 1002 4866 omnium,
1037 4768 1133 4871 quod
1157 4771 1284 4869 sciam,
1318 4769 1525 4873 colligendis
1560 4778 1596 4844 et
1628 4768 1843 4872 explicandis
1868 4768 2091 4872 Scriptorum
2115 4772 2276 4850 Caesaris
2298 4772 2453 4876 Augusti

488 4910 699 5016 fragmentis
720 4912 935 5014 singularem
954 4934 1073 4983 curam
1097 4907 1270 5008 impendit
1293 4916 1414 4986 Ianus
1429 4915 1644 5009 Rutgcrsium
1670 4908 1707 4982 in
1722 4908 1912 4984 Voriarum
1924 4908 2131 4996 Lectionum
2146 4908 2249 4985 Libr.
2275 4909 2324 4987 Π.
2338 4892 2380 4988 ο.
2391 4917 2454 4990 14.

346 5108 347 5111 ,
488 5074 528 5154 p.
555 5052 793 5143 Uib-180„
819 5044 989 5149 Lugduni
1014 5049 1059 5120 B.
1085 5050 1195 5124 lale.
1216 5050 1257 5158 4.
1273 5092 1326 5103 —
1350 5045 1583 5148 Rutgcrsium
1608 5048 1745 5120 saeculo
1772 5051 1810 5120 et
1845 5046 1996 5146 amplius
2029 5053 2111 5146 post
2143 5052 2287 5123 secutus
2317 5055 2372 5123 est
2391 5056 2453 5128 Jo.

361 5261 371 5288 ,Ι
490 5190 660 5265 Albertus
687 5187 895 5278 Fabricius,
923 5181 997 5283 qui,
1021 5188 1193 5283 quotquot
1215 5181 1259 5257 ab
1284 5184 1344 5257 illo
1369 5184 1514 5258 collecta
1538 5181 1689 5276 fuerant,
1714 5180 1912 5285 fragments
1935 5183 2227 5285 repetiiteaqne
2241 5185 2398 5261 auctiore
2418 5197 2453 5262 et

355 5315 376 5328 ”
487 5322 623 5430 passim
646 5319 889 5397 emendatiora
909 5319 1018 5395 edidit
1048 5319 1116 5394 boc
1140 5319 1260 5395 titulo:
1294 5327 1405 5418 Imp.
1435 5328 1554 5397 Caes.
1579 5325 1782 5420 Augusti
1815 5327 2033 5418 Temperiem
2057 5328 2228 5417 Notatio,
2261 5327 2382 5401 amus
2417 5337 2454 5402 et

487 5450 713 5559 Scriptorum
738 5466 971 5580 Frumento.
1001 5457 1198 5557 Hamburgi
1224 5463 1336 5534 1727.
1360 5461 1397 5532 4.
1448 5454 1536 5530 Inde
1560 5454 1605 5529 ab
1631 5480 1672 5530 eo
1691 5462 1852 5557 tempore
1874 5482 1948 5564 non
1973 5465 2191 5558 compertum
2214 5456 2340 5555 babeo,
2361 5484 2451 5535 num

487 5598 566 5705 quis
589 5598 679 5676 alius
701 5595 767 5676 bac
790 5596 829 5676 in
850 5622 891 5672 re
915 5593 1021 5673 studii
1044 5592 1231 5698 quidquam
1257 5620 1298 5669 ac
1322 5592 1453 5671 laboris
1465 5591 1626 5696 posuerit
1650 5586 1986 5696 praeter‘Abbotem
2009 5595 2121 5691 illum,
2146 5601 2270 5676 l'ilum
2285 5602 2451 5677 Mariam
