5717 6575
1084 730 1087 735 Ι
1126 622 1278 697 ussus
1298 623 1359 694 oa
1381 625 1491 717 ura
1513 620 1608 698 sca.

1322 867 1370 979 s.
1414 871 1475 1003 a

355 1145 361 1153 .
518 1079 600 1157 lam
624 1078 680 1153 his
706 1079 872 1178 universe
899 1075 1126 1176 praemonitis
1150 1071 1189 1148 id
1215 1098 1386 1177 agamus,
1420 1083 1463 1149 ut
1492 1073 1658 1176 reliquias
1689 1072 1858 1149 tredecim
1882 1076 2023 1153 illorum
2046 1081 2238 1181 librorum,
2274 1048 2362 1191 qnos
2430 1113 2432 1117 ·

366 1204 557 1303 Augustus
582 1197 627 1273 dc
650 1198 732 1274 Vita
758 1221 824 1272 sua
846 1197 1030 1299 evulgasse
1052 1193 1220 1291 traditur,
1253 1193 1431 1296 dispersas
1455 1195 1590 1295 passim
1619 1190 1717 1294 apud
1742 1192 1932 1296 scriptores
1957 1198 2014 1273 hic
2038 1226 2290 1303 componamus
2316 1218 2363 1308 at,
2453 1260 2458 1267 .
2509 1258 2513 1265 r

366 1318 486 1426 quoad
504 1319 582 1394 fieri
606 1325 734 1419 potest,
761 1314 885 1390 ordine
910 1313 1062 1418 quodam
1082 1312 1296 1416 digeramus.
1345 1315 1493 1389 Praeter
1514 1313 1746 1416 Rulgersium
1770 1322 1805 1389 et
1824 1314 2026 1392 Fabricium
2040 1321 2076 1394 in
2090 1322 2142 1397 eis
2161 1329 2374 1430 colligendis·

366 1433 476 1516 etiam
513 1439 656 1514 Cottius
689 1461 819 1537 operae
851 1461 1030 1536 curaeque
1063 1435 1197 1535 aliquid
1231 1435 1352 1535 posuit
1383 1435 1423 1508 in
1452 1433 1597 1536 Fragm.
1630 1435 1798 1511 Historia.
1821 1436 1916 1516 Vett.
1939 1434 1987 1511 ad
2011 1438 2159 1518 Sallust.
2188 1472 2225 1545 p.
2247 1453 2299 1526 74
2320 1458 2362 1526 ‚et

365 1560 447 1637 Vol.
466 1558 496 1637 l.
523 1584 560 1661 p.
585 1557 675 1636 503.
700 1555 756 1630 ed.
781 1554 842 1632 Fr.
893 1554 947 1630 Aa
972 1581 1036 1632 uos
1062 1553 1202 1657 quidem
1226 1553 1492 1655 praemittamus
1519 1579 1581 1628 eos
1605 1556 1722 1649 locos,
1756 1550 1817 1656 qui
1847 1560 1902 1631 rel
1937 1562 2119 1661 expressis
2152 1565 2363 1671 scriptorum

366 1677 483 1756 verbis
508 1679 565 1754 rel
590 1675 764 1779 probabili
789 1677 989 1776 conjectura
1014 1683 1108 1752 certo
1133 1670 1272 1750 cuidam
1296 1671 1388 1748 libro
1413 1671 1583 1774 assignari
1609 1681 1768 1775 possunt.
1864 1779 1868 1790 Ι
1991 1778 1995 1791 Ι
2233 1698 2237 1704 ·

519 1913 633 1990 Liber
656 1912 708 1990 La
762 1919 797 1990 1.
823 1911 1011 1989 Suetonius
1038 1913 1135 2013 Aug.
1154 1939 1185 1988 c.
1201 1917 1254 1988 2.r
1290 1910 1401 2013 „Ipse
1415 1913 1604 2013 Augustus
1630 1912 1715 1988 nihil
1742 1915 1893 2014 amplius
1918 1941 2026 2016 quam
2052 1926 2206 2022 equestri
2230 1926 2363 2006 familia

365 2044 485 2112 ortum
510 2033 712 2127 rescribit,
751 2041 871 2107 retcre
896 2058 938 2107 ac
960 2035 1131 2132 locuplete
1156 2032 1251 2105 etin
1276 2056 1348 2131 qua
1372 2032 1507 2131 primus
1534 2030 1682 2107 Senator
1708 2041 1809 2132 pater
1836 2060 1924 2108 suus
1949 2036 2095 2115 iuerit.“
2149 2043 2259 2120 Recte
2282 2048 2360 2124 Viri

365 2155 472 2231 Docti
492 2153 694 2254 judicarunt
717 2151 804 2225 haec
824 2153 915 2226 lecta
935 2151 1049 2227 luisse
1073 2154 1180 2227 la'lrro
1189 2157 1323 2245 Primo,
1346 2151 1384 2224 in
1407 2176 1495 2250 quo,
1518 2159 1690 2251 utsupra
1712 2156 1745 2250 ξ.
1770 2146 1806 2227 2'.
1830 2152 2078 2253 demonstrari,
2105 2158 2302 2263 degenere
2327 2176 2363 2243 et
2457 2142 2460 2149 ¹

365 2274 649 2374 majoribussuis
663 2277 880 2371 exposuerat
894 2269 1137 2346 vindicaturus
1163 2295 1203 2345 se
1224 2269 1270 2344 ab
1285 2267 1514 2370 ignobilitatis
1533 2271 1745 2371 opprobriis,
1770 2296 1862 2371 quaa
1890 2276 1928 2349 in
1953 2275 2074 2376 ipsum
2101 2302 2181 2355 eum
2203 2285 2262 2357 alii
2287 2293 2362 2362 tum

365 2375 524 2500 maxime
547 2392 601 2468 M.
620 2390 797 2466 Antonius
830 2397 1079 2492 congesserat,
1114 2398 1156 2465 ut
1179 2389 1343 2489 pluribus
1367 2391 1570 2490 expositum
1591 2393 1704 2466 estin
1728 2390 1926 2470 Commeat.
1951 2401 1997 2472 de
2021 2405 2145 2476 Cossio
2171 2409 2362 2485 Parmensi

366 2527 401 2606 t·
430 2517 489 2592 16.
513 2512 582 2588 ΙΠ.
607 2538 644 2611 p.
668 2515 743 2587 283
770 2535 849 2611 sqq.
878 2510 926 2587 cf.
950 2535 1063 2612 supra
1085 2507 1183 2585 Libr.
1205 2508 1273 2585 IV.
1297 2518 1329 2599 t.
1351 2513 1389 2585 4.
1411 2508 1460 2610 N.
1483 2514 1546 2585 21.

517 2703 556 2775 2.
584 2696 643 2772 Ad
669 2695 834 2771 cumdem
856 2660 1007 2774 Libram
1032 2702 1195 2772 Primum
1226 2692 1381 2771 dubitari
1413 2696 1478 2771 rix
1508 2703 1625 2797 potest
1658 2697 1743 2796 quin
1774 2696 1980 2776 referendus
1997 2730 2151 2806 vquoque
2185 2709 2233 2783 sit
2266 2712 2363 2789 locus

367 2815 580 2894 Tertulliani
599 2815 644 2891 da
658 2815 788 2891 Anima
806 2820 928 2894 crs:
955 2812 1269 2912 „Reformatorem
1295 2814 1446 2916 imperii,
1472 2818 1661 2916 puerulum
1684 2814 1798 2891 adhuc
1819 2826 1854 2895 et
1876 2821 2053 2919 privatum
2078 2827 2146 2898 loci
2171 2838 2208 2901 et
2226 2827 2362 2907 lulium
2450 2858 2461 2874 ·
2489 2878 2491 2883 ·
2566 2816 2579 2829 ’

367 2935 557 3015 Octavium
582 2942 718 3011 tantum
750 2946 787 3011 et
811 2932 879 3011 sibi
906 2935 1066 3038 ignotum
1091 2904 1238 3010 Marcus
1263 2930 1405 3010 Tullius
1441 2932 1513 3036 jam
1547 2942 1583 3010 et
1606 2935 1810 3041 Augustum
1845 2949 1880 3013 ct
1909 2941 2061 3017 civilium
2094 2945 2272 3022 turbinum
2303 2976 2365 3026 se·

368 3059 543 3159 pultorem
568 3051 613 3130 de
638 3056 776 3132 somnio
801 3061 917 3131 norat.
965 3054 1013 3131 In
1038 3054 1171 3129 Vitellii
1195 3037 1453 3131 commentariis
1479 3054 1655 3130 conditum
1681 3059 1774 3131 cst.“
1833 3057 1895 3134 Sic
1920 3057 2028 3134 edidit
2052 3063 2158 3138 etiam
2180 3065 2364 3147 Scmlerus
2441 3046 2444 3052 ¹
2529 3146 2532 3153 ,
2571 3140 2575 3147 .

368 3170 449 3253 vol.
471 3174 536 3252 lv.
564 3202 601 3276 p.
625 3179 713 3254 309.
739 3176 834 3262 huuc
859 3178 996 3264 locum,
1032 3177 1135 3274 cujus
1168 3199 1308 3248 errores
1335 3178 1413 3275 jam
1442 3176 1639 3249 notavimus
1668 3199 1778 3278 supra
1803 3172 1907 3253 Libr.
1933 3179 1963 3254 1.
1987 3179 2141 3258 Excurs.
2168 3189 2204 3260 1.
2229 3185 2275 3264 Ν.
2303 3195 2364 3267 12.

368 3298 506 3398 p.65.;
530 3296 588 3371 hic
612 3302 793 3396 postrema
818 3320 885 3369 nos
911 3291 1108 3387 advertunt,
1133 3292 1178 3365 dc
1203 3295 1333 3393 quibus
1361 3292 1545 3370 Gerendus
1570 3292 1722 3368 Vossius
1745 3293 1790 3366 ad
1813 3294 1938 3397 Vellej.
1962 3301 2039 3374 Pat.
2060 3301 2161 3377 Libr.
2177 3304 2229 3380 11.
2255 3332 2285 3381 c.
2300 3311 2381 3386 59.
2509 3377 2519 3388 ,

369 3423 403 3508 §.
431 3421 464 3492 1.
502 3417 627 3518 „quis,
661 3417 789 3519 inquit,
821 3413 981 3491 Vitellios
1006 3413 1275 3489 commentarios
1285 3411 1337 3511 ¹⁵)
1370 3412 1480 3488 fando
1505 3438 1672 3512 umquam
1700 3408 1860 3490 audivit?
1893 3418 1940 3490 ita
1963 3419 2073 3521 igitur
2100 3422 2365 3502 rescribendum

368 3541 558 3638 putamus:
582 3539 627 3614 de
650 3543 789 3613 somnio
814 3551 946 3627 norot3
970 3548 1013 3611 ut
1037 3539 1077 3610 io
1094 3537 1199 3610 Vitae
1223 3540 1323 3611 illias
1345 3541 1614 3642 commentariis
1635 3536 1819 3610 conditum
1843 3538 1937 3611 est.“
1971 3537 2149 3614 Palmaria
2171 3550 2228 3617 est
2242 3570 2368 3622 eman·

370 3652 488 3731 datio:
515 3653 675 3759 intellige
697 3654 854 3755 Augusti
878 3653 989 3727 libros
1014 3651 1062 3727 da
1075 3641 1160 3726 l‘ito
1185 3676 1262 3747 sua,
1289 3646 1338 3723 coi
1362 3644 1633 3749 ὑπομνήματα,
1660 3645 1952 3730 Commentarios.
2003 3658 2259 3765 Undecumque
2281 3664 2368 3741 haec

371 3772 551 3850 fluxerunt
576 3778 671 3876 apud
697 3773 970 3867 Tertullianum,
996 3799 1100 3873 quern
1125 3769 1269 3844 minime
1294 3765 1460 3844 credibile
1485 3775 1542 3845 est
1564 3765 1726 3846 hausisse
1750 3797 1796 3845 ex
1818 3772 1899 3873 ipso
1924 3774 2043 3869 fontc3
2073 3778 2111 3852 id
2139 3782 2366 3859 manifestum
2450 3875 2453 3885 Ι

370 3900 438 3990 cst,
461 3891 725 3994 intelligendum
750 3918 829 3967 esse
847 3890 937 3969 „illud
963 3890 1149 3984 somnium,
1174 3887 1271 3992 quod
1291 3887 1335 3964 de
1352 3888 1518 3989 Augusto
1540 3914 1650 3989 puero
1668 3887 1832 3965 Ciceroni
1852 3892 2045 3971 secundum
2071 3900 2225 3999 quietem
2246 3904 2366 3980 risum

370 4011 562 4089 Suetonius
586 4038 615 4087 e.
644 4014 729 4107 94„
760 4011 830 4086 Dio
854 4009 952 4086 Gaas.
978 4008 1080 4084 Lihr.
1103 4006 1221 4085 XLV.
1247 4035 1278 4084 c.
1302 4014 1339 4084 2.
1364 4014 1402 4081 et
1425 4007 1634 4083 Plutarchus
1659 4007 1734 4086 Cic.
1761 4036 1792 4086 c.
1816 4015 1898 4106 44„
1925 4012 2046 4111 sonte,
2072 4043 2121 4091 ex
2141 4044 2210 4120 quo
2230 4021 2366 4097 hause-

370 4140 470 4227 runt,
502 4157 574 4206 non
603 4128 753 4204 indicato
786 4121 975 4203 memoriae
1006 4126 1250 4231 prodiderunt.
1300 4127 1380 4205 Jam
1406 4127 1482 4201 veri
1503 4127 1718 4204 simillimum
1741 4138 1814 4226 est,
1847 4132 2069 4233 Augustum,
2104 4163 2203 4239 quem
2228 4142 2369 4220 somnia·

372 4275 490 4353 neque
517 4274 581 4326 sua
605 4259 719 4351 nequa
742 4249 855 4323 aliena
881 4247 927 4321 de
950 4274 989 4323 se
1014 4248 1216 4350 neglexisse
1239 4244 1432 4322 Suetonius
1459 4274 1492 4324 c.
1516 4251 1579 4325 91.
1605 4256 1775 4344 testetur,
1804 4247 1849 4324 de
1870 4252 1930 4326 illo
1956 4258 2114 4353 somnio,
2152 4284 2221 4361 quo
2246 4260 2365 4340 sutura

373 4367 581 4473 magnitudo
607 4393 672 4443 sua
695 4364 979 4470 portenderetur,
1004 4370 1041 4442 in
1066 4363 1174 4442 Libro
1199 4367 1231 4441 Ι.
1258 4363 1304 4440 de
1327 4365 1411 4441 Vita
1436 4392 1501 4441 sua
1526 4366 1685 4443 studiose
1708 4372 1930 4469 exposuisse.

526 4545 563 4616 3.
600 4538 777 4618 Credibile
809 4538 914 4613 ctiam
947 4549 1012 4632 est,
1063 4542 1170 4615 hidre
1203 4544 1323 4612 l’rr'mo
1355 4538 1567 4610 mentionem
1601 4537 1732 4611 factam
1766 4564 1848 4614 esse
1878 4549 2058 4640 Repulsus
2086 4547 2125 4619 in
2157 4548 2365 4648 Magisterio

372 4659 547 4762 Equitum
569 4656 665 4757 apud
689 4660 898 4733 avunculum
922 4666 957 4731 ct
980 4664 1100 4732 contra
1123 4655 1327 4757 petitionem
1352 4658 1428 4754 ejus
1451 4657 1599 4755 praelati
1616 4656 1756 4756 Lepidi,
1781 4657 1827 4732 de
1851 4685 1924 4758 qua
1948 4685 1988 4734 re
2010 4663 2066 4763 egi
2091 4690 2198 4764 supra
2220 4666 2318 4747 Libr.
2334 4670 2365 4747 Ι.

372 4790 408 4871 t.
435 4785 474 4855 6.
506 4804 546 4878 p.
571 4782 619 4852 18
645 4801 697 4877 sq.
748 4777 850 4852 Hanc
873 4778 1056 4876 repulsam
1080 4774 1187 4850 fuisse
1212 4775 1306 4849 inter
1328 4775 1511 4848 Romanos
1535 4776 1595 4876 qui
1616 4775 1780 4878 Augusto
1805 4778 2019 4917 ignominiae
2044 4793 2232 4880 verterent,
2258 4790 2365 4890 liquet
2387 4822 2391 4830 ·

375 4923 423 4973 ex
448 4901 527 4971 loco
548 4896 653 4969 Plinii
678 4895 723 4969 N.
747 4896 794 4969 Η.
819 4895 920 4970 Libr.
946 4894 1031 4971 vll.
1062 4920 1095 4969 c.
1118 4896 1181 4971 45.
1233 4893 1368 4968 idcirco
1392 4891 1496 4967 facila
1518 4893 1604 4967 mihi
1629 4894 1832 4996 persuaderi
1855 4897 1987 4999 patiar,
2020 4901 2225 5003 Augustum
2250 4932 2293 4982 ea
2319 4906 2364 4986 de

375 5042 418 5091 re
441 5013 570 5091 ibidem
598 5016 810 5115 exposuisse
841 5038 991 5113 eamque
1023 5012 1249 5114 depellendae
1280 5014 1395 5087 omnis
1428 5012 1641 5113 ignominiae
1673 5017 1786 5122 gratia
1818 5016 2008 5094 honorifico
2040 5021 2193 5122 quodam
2223 5027 2365 5103 nomine

376 5139 564 5211 colorasse.

448 5405 495 5473 1⁵)
522 5407 651 5458 Vltellloe
662 5406 889 5460 commentarios
909 5404 966 5459 noli
982 5403 1085 5458 reterre
1101 5404 1136 5457 ael
1158 5404 1190 5468 Q.
1210 5403 1351 5457 Vitelliam
1401 5403 1514 5459 Samon.
1535 5403 1630 5459 Vitell.
1655 5420 1679 5461 e.
1701 5407 1727 5461 1.
1750 5407 1816 5477 ihiq.
1837 5421 1864 5464 r·
1888 5407 2074 5467 Casaubouna.
2115 5414 2142 5466 ls
2167 5419 2283 5483 patrono
2312 5431 2364 5471 auo

380 5494 535 5559 mopiam
549 5491 684 5557 uberum,
701 5491 749 5559 qni
764 5492 886 5544 libellum
903 5490 939 5544 ad
957 5490 989 5547 Q„
1001 5489 1149 5558 Vitelliam,
1161 5489 1225 5543 Diri
1233 5489 1351 5555 Augusti
1401 5488 1603 5557 mliticaturua
1623 5496 1735 5545 memma
1752 5492 1840 5561 gentis
1856 5494 1983 5550 lhtelliae
2005 5497 2212 5564 designaverat:
2234 5500 2270 5556 ct.
2288 5500 2323 5557 G.
2339 5502 2364 5559 J.

380 5580 571 5644 Quaeawrara,
589 5575 738 5645 scripserat
753 5592 841 5646 exque
858 5592 906 5631 auo
927 5574 1037 5629 nonina
1057 5580 1267 5644 nuncupaverat,
1284 5580 1351 5629 usta
1401 5573 1514 5629 Vossius
1531 5574 1567 5628 da
1583 5576 1653 5632 Eiet
1668 5576 1729 5633 Lat.
1744 5577 1818 5633 Libr.
1835 5580 1858 5637 1.
1874 5594 1899 5640 e.
1915 5580 1960 5636 w.
1976 5598 2005 5652 p.
2019 5582 2064 5641 81.
2209 5583 2217 5602 “

1925 5735 2015 5812 25*
