5717 6575
984 620 1044 693 oe
1074 618 1111 701 o.
1143 616 1409 692 smummuo
1442 616 1504 691 er
1529 616 1576 698 ot.
1603 616 1806 691 Acamas.
2358 626 2452 704 03,

405 809 588 914 propoeitao
608 806 836 888 aPrandsenio,
877 805 907 875 ni
919 807 1114 897 longinsillis
1127 828 1306 899 progressas
1319 806 1520 891 contenderit,
1542 807 1665 873 amicum
1680 806 1763 874 illum
1773 805 1822 874 Au
1882 804 2046 897 tiprimnm
2059 802 2273 897 exVipsaniis,
2286 808 2406 876 omisso

408 897 454 965 ob
476 895 696 985 ignobilitatem
717 895 914 961 hoc-nomme
934 892 1058 982 gentili,
1080 895 1168 959 etiam
1189 914 1355 982 cognomen
1369 893 1525 982 Agrippae
1545 893 1577 958 in
1599 901 1692 979 gente
1706 890 1854 983 Vipsanra
1875 902 1964 956 autea
1983 912 2045 958 non
2063 893 2179 957 obmum
2195 894 2403 994 assumpsisse.
2468 920 2471 925 ·

403 981 530 1053 Veram
541 981 620 1045 enim
635 1000 707 1046 vero
719 1000 779 1044 non
794 978 902 1045 multos
915 977 948 1043 in
964 979 1027 1065 ejus
1049 978 1229 1044 sententiam
1250 977 1429 1043 transituros
1451 997 1519 1042 esse
1532 976 1671 1058 arbitror,
1693 977 1753 1065 qui,
1774 986 1953 1065 practerea,
1974 998 2049 1064 quae
2064 977 2150 1043 modo
2165 976 2323 1066 disputan,
2343 998 2405 1045 me·

407 1086 483 1135 com
503 1064 580 1132 haec
596 1085 711 1152 quoque
732 1062 808 1153 apud
830 1063 959 1128 animum
980 1063 1192 1151 reputaverint.
1236 1060 1315 1135 Quia
1337 1062 1365 1126 ei
1386 1083 1404 1126 o
1425 1083 1460 1126 us
1482 1061 1590 1127 luisset
1608 1061 1709 1151 patris
1729 1082 1910 1149 praenomen
1930 1061 1963 1124 in
1984 1062 2180 1127 monumentis
2201 1062 2326 1151 puhlicis
2350 1084 2405 1131 sno

405 1149 575 1237 subjicere,
596 1149 656 1214 nisi
676 1145 754 1212 idem
776 1167 941 1234 cognomen
963 1168 1058 1234 neque
1078 1146 1157 1236 patri
1179 1168 1274 1234 neque
1295 1147 1383 1211 fratri
1404 1081 1528 1210 luisset'l
1549 1145 1618 1233 quid
1640 1145 1758 1210 tandem
1780 1145 1910 1210 lucratus
1932 1145 2040 1210 fnisset
2060 1145 2168 1233 gentili
2188 1149 2405 1237 uomineigno·

406 1233 542 1304 bilitatis
554 1254 662 1298 caussa
672 1232 788 1318 abjecto
810 1242 841 1296 et
862 1239 1011 1320 assumpto
1033 1231 1210 1317 cognomine
1230 1252 1308 1296 novo
1330 1229 1456 1318 quidem,
1478 1229 1532 1294 sed
1553 1250 1613 1294 nou
1635 1252 1663 1294 m
1705 1230 1730 1293 is
1752 1230 1845 1295 nobili
1867 1238 1898 1293 et
1913 1230 2055 1295 honestet
2096 1229 2403 1298 bl.,Senecaeverba:

405 1318 606 1403 ..Vipsanius
615 1317 753 1400 Agrippa
772 1317 898 1400 [uerut‘
918 1337 960 1381 sc.
982 1316 1161 1398 nominatus,
1182 1314 1347 1398 euidenter,
1369 1323 1402 1379 ut
1422 1315 1493 1378 milri
1515 1313 1630 1400 quidem
1650 1315 1679 1378 ri
1701 1323 1776 1395 etur,
1799 1313 2014 1396 demonstrant,
2035 1313 2189 1402 Agrippae
2199 1336 2364 1401 cognomen
2385 1336 2406 1382 a

452 1410 501 1470 tre
523 1401 665 1467 adfilium
687 1402 854 1466 transiisse.
899 1398 1040 1482 Proinde,
1062 1400 1139 1465 sicut
1159 1400 1231 1464 mihi
1251 1421 1312 1464 uon
1333 1407 1382 1464 est
1401 1399 1553 1482 credibile,
1574 1420 1681 1463 nomeu
1704 1399 1827 1485 gentile,
1849 1399 1976 1481 etiamsi,
1998 1407 2031 1463 ut
2052 1398 2186 1464 nonnulli
2208 1400 2405 1487 suspicantur,

406 1487 556 1577 &uncta
576 1487 604 1551 ei
630 1486 739 1551 fuisset
758 1484 932 1550 humilitatis
953 1483 1104 1572 cujusdam
1125 1492 1157 1548 et
1177 1483 1308 1549 sordium
1333 1483 1436 1567 notio,
1464 1504 1538 1569 quae
1560 1504 1616 1548 nos
1638 1483 1745 1566 lateat,
1767 1485 1906 1548 omissum
1929 1483 1965 1546 ab
1988 1503 2024 1547 eo
2046 1504 2115 1548 osse
2136 1483 2184 1548 uel
2205 1485 2404 1571 ignobilitatis

404 1571 529 1663 pudore
543 1570 593 1637 vel
607 1569 837 1636 ludificationnm
859 1569 946 1657 snga3
967 1569 1009 1634 ita
1029 1569 1100 1633 milri
1122 1568 1211 1635 etiam
1231 1567 1488 1657 persuasissimum
1512 1576 1568 1642 ost,
1589 1566 1732 1650 courdem,
1755 1567 1782 1632 si
1803 1568 1949 1656 gentilieii
1969 1568 2097 1632 nominis
2112 1590 2167 1633 usa
2180 1568 2210 1633 in
2231 1575 2404 1671 perpetuum

405 1657 567 1725 manae
587 1664 619 1719 et
648 1676 755 1720 norum
775 1673 899 1742 prorsus
929 1652 1072 1740 gentique
1092 1650 1257 1741 Vipsaniae
1282 1651 1377 1717 adhuc
1399 1652 1581 1738 incognitum
1606 1652 1735 1716 familiae
1757 1672 1865 1716 nomen
1892 1652 1951 1716 sibi
1982 1652 2134 1739 imponere
2162 1653 2324 1737 rolursset,
2352 1662 2405 1721 aut

404 1740 545 1807 nobilius
565 1738 720 1828 quodpiam
742 1749 774 1804 et
792 1739 824 1804 iu
846 1737 950 1808 Fastis
971 1735 1118 1802 Romanis
1145 1735 1324 1801 celebratius
1353 1736 1515 1801 electurum
1544 1742 1596 1800 aut
1615 1745 1697 1801 certe
1737 1744 1956 1825 raeoptaturum
1984 1738 2078 1802 luisse
2101 1738 2255 1803 honestum
2278 1736 2405 1806 illudet

431 1846 473 1892 ao
492 1823 614 1889 vivebat
634 1832 767 1911 tempore
788 1821 866 1887 hand
886 1820 1019 1906 ignobile
1041 1841 1205 1908 cognomen
1226 1820 1314 1885 istius
1336 1821 1442 1909 patris,
1484 1843 1546 1885 uem
1563 1820 1769 1887 Framlsemus
1790 1823 1864 1886 miro
1886 1821 2020 1885 acumine
2042 1843 2079 1886 ex
2102 1822 2211 1887 iscatus
2234 1830 2281 1888 est
2302 1831 2334 1888 et
2348 1842 2405 1926 pro

403 1846 455 1977 la.
465 1908 614 1997 Vipsania
624 1907 781 1996 ··Agrippa,
803 1907 852 1997 qni
873 1905 964 1993 vulgo
982 1911 1071 2005 pater
1090 1904 1172 1970 illius
1194 1904 1288 1970 luisse
1308 1903 1449 1987 creditur,
1463 1843 1590 1970 homine
1611 1926 1686 1999 sane
1707 1927 1792 1994 quam
1814 1907 1940 1971 obscuro
1961 1914 2050 1993 abque
2062 1843 2182 1972 aliunde
2198 1929 2258 1972 uon
2271 1930 2306 1973 co
2351 1917 2404 1994 rto,

288 2034 297 2041 -
407 1993 606 2060 mosomum
622 2012 692 2057 esse
707 1989 809 2056 uoluit
851 1989 929 2054 Nam
950 1987 1008 2059 ihr
1029 1989 1227 2054 Doctissimus
1249 1989 1403 2078 probatum
1425 1990 1493 2073 ivit,
1513 1989 1559 2055 bl.
1581 1988 1751 2079 Agrippae,
1773 1989 1811 2054 de
1832 2010 1889 2076 qno
1910 1990 2036 2073 amaus,
2079 2001 2171 2056 atrem
2193 1991 2288 2056 videri
2323 1994 2404 2058 nisse

402 2077 551 2148 Meum
568 2075 758 2159 Vspensium,
777 2072 942 2140 Rhetorem
964 2081 997 2140 et
1008 2072 1186 2162 Apollodori
1206 2073 1389 2162 Pergameni
1410 2073 1594 2162 discipulum,
1616 2095 1701 2162 qoem
1722 2072 1768 2140 Μ.
1783 2074 1901 2140 Seneca
1913 2045 2002 2141 thart.
2016 2012 2101 2140 hile.
2114 2076 2155 2142 ll.
2177 2098 2203 2141 c.
2220 2076 2265 2141 13.
2287 2098 2317 2164 p.
2331 2077 2404 2144 179.

404 2161 642 2244 motaverit,
673 2180 770 2247 neque
790 2158 856 2224 ueri
877 2157 1021 2224 dissimile
1042 2179 1110 2224 esse
1127 2157 1288 2245 judicarit,
1316 2158 1412 2247 ipsum
1440 2158 1608 2245 Augustum
1629 2157 1847 2224 adolescentem
1869 2180 1933 2223 cum
1961 2158 2007 2226 Μ.
2029 2160 2126 2248 Agrip
2147 2182 2166 2224 a
2192 2160 2405 2250 condiscipulo,

404 2246 502 2335 bojas
515 2245 606 2335 patri,
627 2251 721 2311 amem
741 2244 920 2310 rhetoricam
941 2242 1058 2309 Romae
1099 2242 1231 2309 rohtenti
1263 2262 1382 2329 operam
1404 2241 1532 2308 dedisse.
1574 2242 1628 2325 At,
1649 2241 1776 2332 id'quod
1798 2263 1871 2333 pace
1885 2242 1953 2311 Viri
1968 2244 2143 2311 Ductissimr
2159 2243 2295 2329 dixerim,
2315 2248 2404 2312 uehe-

404 2336 533 2399 menter
558 2350 681 2411 rerem,
706 2334 741 2394 nt
759 2348 814 2418 pro
835 2324 956 2394 Junono
976 2347 1017 2391 ne
1037 2263 1144 2392 aulem
1166 2291 1319 2416 amplexus
1340 2327 1394 2392 sit!
1421 2326 1553 2392 Primum
1579 2329 1672 2410 enim,
1694 2349 1758 2393 cnm
1780 2348 1872 2417 opera
1896 2326 1942 2394 Μ.
1964 2327 2100 2394 Senecae
2124 2329 2254 2395 rhetoris
2275 2330 2404 2419 pessime

406 2436 432 2482 a
445 2413 581 2481 librariis
606 2412 716 2479 affecta
736 2411 883 2499 hodieque
903 2409 1018 2477 mendis
1039 2411 1146 2476 obruta
1162 2412 1299 2497 jaceant,
1326 2412 1403 2499 quis,
1423 2413 1536 2498 rejecto
1558 2410 1716 2477 Strabonis
1737 2412 1926 2479 Liar-,xlii
1948 2433 1974 2478 c.
1995 2409 2027 2477 4.
2049 2411 2077 2496 d.
2092 2414 2122 2479 3.
2144 2412 2214 2482 Vol.
2226 2414 2267 2484 V.
2288 2435 2316 2504 p.
2327 2412 2403 2484 464.

406 2499 477 2568 ’ὴ
498 2498 670 2565 testimonio
702 2496 739 2562 de
766 2496 915 2584 Dionysio
935 2495 1039 2561 Attico
1061 2493 1202 2585 quodam,
1231 2494 1407 2585 Apollodori
1428 2496 1611 2584 Pergameni
1631 2496 1794 2585 discipulo,
1822 2504 1969 2585 praestet,
2002 2518 2074 2562 vere
2095 2498 2248 2565 exstitisse
2269 2521 2404 2588 umquam

403 2584 583 2664 rhetorem,
609 2580 962 2666 epicoenomena
1005 2579 1125 2645 Deinde
1146 2594 1179 2645 ut
1199 2600 1253 2669 pro
1274 2588 1356 2645 certo
1377 2602 1536 2668 ponamus,
1562 2581 1678 2646 Romae
1699 2582 1812 2669 risisse
1833 2603 1868 2645 ae
1889 2580 2026 2646 docuisse
2047 2583 2209 2667 rhetorem,
2235 2583 2270 2649 L.
2300 2584 2404 2669 Vipsa-

406 2669 507 2735 mam
525 2667 677 2743 Adimam,
698 2687 822 2752 eumque
843 2666 986 2752 genuisse
1007 2664 1117 2749 lilium,
1137 2663 1291 2748 Marcum,
1312 2665 1444 2753 Augusti
1468 2665 1594 2754 posthac
1615 2667 1854 2730 contubernalem
1877 2674 1909 2730 et
1929 2666 2069 2748 ameno,
2103 2667 2167 2754 quis
2197 2669 2314 2757 estqui
2335 2691 2404 2760 pro·

402 2752 543 2819 habilem
564 2752 739 2838 excogitare
759 2751 854 2839 possit
875 2771 1026 2832 caussam,
1053 2748 1090 2815 ob
1113 2771 1199 2837 quam
1219 2749 1299 2814 filius
1319 2750 1394 2831 iste,
1415 2748 1540 2813 simulac
1560 2752 1606 2814 sui
1624 2750 1703 2837 juris
1725 2758 1808 2834 erat,
1828 2765 1983 2838 paternum
2003 2751 2095 2817 Attici
2114 2772 2279 2838 cognomen
2301 2774 2405 2842 asper·

406 2845 503 2904 meos
524 2836 663 2903 maluerit
682 2833 886 2935 cognominari
906 2833 952 2902 M.
973 2835 1125 2918 Aprt'ppo,
1156 2835 1331 2923 praesertim
1354 2855 1441 2921 quum
1463 2843 1613 2923 assumpto
1635 2835 1693 2900 isto
1716 2834 1891 2920 cognomino
1912 2833 2000 2899 simul
2026 2854 2159 2901 socerum
2181 2858 2280 2919 suum,
2312 2838 2405 2905 Pom·

404 2920 538 3011 poniae,
558 2920 661 2986 uxoris
682 2940 813 3009 primae,
843 2919 958 3008 patrem
979 2919 1178 2983 honorasset'l
1218 2917 1266 2983 Ac
1287 2919 1313 2983 si
1336 2918 1414 2983 sorte
1435 2918 1591 3006 Agrippae
1612 2939 1778 3000 cognomen
1798 2919 1856 2983 sibi
1878 2918 2082 3006 imposuisset,
2103 2921 2172 3007 quia
2192 2931 2297 2987 contra
2317 2932 2404 2988 nato-

405 3026 480 3077 ram
500 3005 535 3072 ia
613 3025 647 3070 es
668 3024 828 3073 conversus
870 3011 936 3068 artu
965 3002 1061 3068 editas
1084 3016 1184 3085 esset,
1209 3000 1337 3067 dubitari
1357 3003 1409 3067 rix
1430 3015 1531 3091 potest
1551 3004 1619 3090 quia
1642 2998 1778 3084 Plinius,
1807 3004 1838 3067 in
1859 3002 1999 3067 sinuandis
2021 3004 2222 3091 hujuscemodi
2242 3009 2330 3074 rebus
2352 3028 2403 3073 co·

405 3089 536 3175 riorus,
556 3088 588 3154 rd
609 3089 720 3154 diserte
742 3109 901 3153 memoriae
921 3087 1118 3177 prodidisset,
1146 3095 1180 3152 ut
1200 3085 1238 3151 de
1258 3085 1313 3152 Μ’.
1337 3085 1429 3153 Curio
1450 3088 1584 3152 Dentato
1606 3087 1693 3153 Libr.
1715 3087 1787 3155 Vll.
1809 3109 1837 3152 c.·
1859 3086 1908 3152 16.
1931 3085 1958 3169 §.
1980 3085 2048 3169 om
2076 3087 2130 3154 sed
2155 3091 2183 3154 is
2204 3091 2300 3156 refert
2321 3091 2403 3157 dnm·
2460 3094 2467 3105 '

408 3182 518 3257 uxot,
545 3173 590 3241 M.
612 3173 793 3261 Agrippam,
823 3173 903 3236 fama
931 3172 1066 3251 serente,
1093 3171 1302 3270 itaogenitum
1330 3192 1415 3254 esso,
1444 3193 1625 3258 nequaquam
1648 3194 1714 3236 eum
1735 3171 1804 3237 inde
1826 3193 1991 3258 cognomen
2013 3172 2172 3240 inuenisse.
2215 3175 2353 3263 Denique
2375 3178 2403 3245 si

408 3260 442 3327 A
508 3265 574 3325 stas
595 3278 659 3324 cum
681 3257 775 3322 amico
796 3256 913 3323 Romae
934 3254 1071 3345 Vipsanii
1090 3256 1184 3320 Attrcr
1205 3255 1336 3321 rhetoris
1357 3253 1514 3344 disciplina
1534 3278 1604 3321 usus
1627 3256 1744 3339 luisset,
1765 3278 1851 3322 nemo
1873 3257 1931 3322 erit
1952 3257 2020 3343 quin
2043 3258 2201 3346 permirum
2223 3282 2291 3327 esso
2312 3259 2403 3346 dicat,

407 3278 613 3433 qddhuJulins
635 3343 750 3408 Cacsar
770 3343 884 3407 sororis
905 3361 977 3405 suae
998 3340 1116 3440 nepoti,
1145 3338 1335 3427 Apolloniam
1357 3341 1488 3422 abituro,
1517 3341 1656 3407 maluerit
1680 3343 1816 3406 comitem
1844 3340 1916 3406 dare
1936 3341 1963 3406 A
1987 3341 2151 3408 ollodomm
2174 3345 2235 3429 jam
2257 3344 2403 3432 grandem

403 3435 501 3512 mato,
530 3447 617 3578 pram
635 3424 812 3515 Vipsanium
840 3426 991 3508 Atticum,
1021 3445 1115 3490 mrum
1136 3422 1323 3489 hauddubie
1345 3424 1484 3512 integrae
1505 3425 1613 3490 aetatis
1641 3433 1673 3490 et
1691 3424 1791 3491 Marci
1823 3426 1877 3490 lilii
1899 3363 1985 3491 cond

406 3534 489 3578 rem.

406 3597 464 3664 hic
484 3596 569 3665 locus
591 3596 698 3685 capiat.
1163 3631 1168 3640 ·

567 3679 648 3766 ban,
668 3687 703 3746 nt
722 3676 800 3781 qnod
819 3677 886 3769 ipse
906 3678 1004 3747 sentio
1026 3678 1157 3746 breviter
1176 3676 1281 3766 dicam,
1303 3680 1434 3749 macedo
1456 3681 1582 3772 quidem,
1603 3681 1685 3749 illum
1697 3682 1831 3772 Augusti
1852 3682 1975 3749 amicum
1995 3702 2050 3773 per
2064 3682 2200 3773 publicae
2214 3683 2293 3750 vitae
2306 3705 2346 3749 ne

410 3765 458 3837 fin
477 3764 598 3833 solitam
617 3786 688 3831 esse
709 3764 882 3915 suppliciter
901 3787 970 3831 sese
991 3765 1144 3831 nominare
1153 3764 1199 3830 M.
1212 3765 1390 3856 Agrippam,
1412 3775 1461 3851 nt,
1483 3776 1603 3855 praeter
1620 3768 1749 3851 Nomos,
1770 3788 1842 3917 quos
1864 3790 1954 3858 snpra
1966 3769 2140 3852 memoravi,
2162 3776 2193 3834 et
2210 3768 2339 3835 Panthei
2369 3793 2405 3836 n·

563 3512 626 3595 lia,
652 3531 728 3598 quae
748 3508 994 3611 Fraudsenianae
1015 3508 1183 3576 sentcntiae
1204 3509 1339 3594 obstant,
1361 3518 1518 3602 praetereo
1539 3517 1643 3602 utpote
1661 3509 1758 3577 insius
1780 3517 1811 3576 et
1831 3510 1968 3577 subtilius
1985 3427 2201 3603 qepppqlpctpapplp
2221 3430 2403 3603 dddlhmlqldg

409 3857 743 4003 ⁸alid!dldllddldsindilla
764 3934 895 4000 arhrtror
916 3955 1035 4018 caussa,
1058 3953 1143 4021 quam
1165 3934 1219 3999 sim
1241 3933 1365 4034 licitatio
1383 3941 1414 3999 et
1434 3936 1588 4002 brevitatis
1610 3935 1708 4003 studio
1723 3936 1863 4022 quodam,
1885 3937 1918 4002 in
1958 3958 1995 4035 po
2016 3936 2111 4026 ipsum
2123 3938 2292 4023 Augustum
2313 3938 2404 4003 habe·

407 4028 467 4120 ret·
484 4040 570 4119 qoem
584 4025 766 4119 ‘mammon
808 4018 850 4084 Et
871 4017 959 4118 quod·
969 4018 1007 4084 ad
1028 4018 1124 4085 locum
1145 3955 1275 4120 uatahm
1297 4040 1420 4106 ejusque
1430 4028 1580 4119 parentes
1601 4021 1723 4119 attinet,
1746 4021 1827 4086 lubet
1847 4022 1878 4087 in
1900 3959 2025 4086 achron
2067 4021 2182 4085 roserre
2203 4022 2403 4170 coqp'cctnram

413 4102 683 4279 “indidi
702 4123 759 4252 1³¹⁰
779 4102 995 4254 flliillli’
1024 4124 1120 4253 tt?
1129 4124 1409 4255 „ipoliti”
1423 4104 2076 4256 stilistas?tentilabio,
2099 4104 2285 4256 lter.
2299 4104 2403 4257 bil·

408 4208 506 4341 :illoti
520 4209 702 4359 propiorei‘rl
711 4208 817 4371 Pqptldlm
874 4273 960 4372 liciis.
1002 4208 1087 4346 duae
1107 4209 1199 4372 derha
1219 4210 1430 4373 quotieslegl,
1453 4274 1543 4340 toties
1562 4274 1635 4339 mihi
1654 4274 1736 4375 risus
1753 4283 1804 4375 est
1815 4274 1933 4340 Plinius
1955 4274 2088 4374 consulto
2110 4239 2331 4360 ambiguitatem
2353 4296 2403 4376 ρος

406 4355 2403 4591 aaamantea,eutrtemptaturum-niut'aparaaaaa‚tartare
2498 4386 2504 4397 ’

406 4534 518 4625 srgpet
536 4525 616 4592 hand
635 4527 776 4626 rmhutpm
796 4546 815 4625 a
835 4533 949 4625 tenems
970 4536 1074 4625 arbum
1096 4525 1257 4614 elegantia,
1278 4526 1333 4592 sed
1353 4535 1551 4626 mtaepotrus
1572 4535 1701 4592 rusticae
1721 4549 1755 4592 re
1775 4549 1821 4610 us,
1842 4527 1950 4625 studus
1969 4526 2175 4625 laboribusque
2189 4529 2402 4614 unnutntum.⁸)

413 4608 496 4848 {tl
515 4609 758 4785 aliialii
776 4609 974 4845 ligii&
989 4609 2402 4794 sllltlltttdsttiltlntttllltnifll'illltoticipat

434 4800 453 4845 ο
473 4777 578 4845 ordine
596 4780 731 4868 equestri
758 4787 790 4845 et
843 4779 957 4844 octabus
978 4777 1164 4868 praediorum
1184 4778 1382 4868 percipiendus
1404 4789 1437 4843 et
1457 4779 1619 4846 vendendis
1637 4788 1789 4867 quaestum
1808 4779 1944 4845 lacerent
1956 4777 2173 4868 aeplernmque
2185 4777 2295 4846 divitiis
2307 4800 2401 4869 aequo

415 4883 453 4932 ac
471 4863 553 4930 viae
573 4863 763 4953 simplicitate
782 4870 815 4929 et
834 4864 992 4930 honestate
1011 4863 1147 4961 insignes
1164 4871 1281 4963 ‘essent
1323 4862 1419 4929 Pater
1445 4864 1453 4879 ”
1479 4865 1538 4929 ‘tur
1559 4864 1690 4964 quamuis
1711 4863 1842 4930 sortasse
1864 4862 1901 4929 de
1922 4862 2009 4952 plebe
2028 4860 2154 4961 ideoque
2167 4863 2328 4962 ignobilis,
2355 4873 2401 4950 ta·

413 4967 484 5016 nen
503 4947 593 5016 homo
613 4948 756 5015 honmtns
779 4957 811 5014 et
831 4944 989 5046 opulentas
1009 4946 1104 5046 fuisse
1124 4944 1343 5046 exmhmaudps·
1359 4955 1416 5013 est
1495 4970 1581 5012 arcos
1603 4947 1699 5029 filius,
1721 4947 1788 5013 dum
1811 4968 1884 5035 puer
1904 4954 1983 5045 crat,
2012 4967 2075 5012 rura
2095 4954 2224 5045 nutritus
2246 4948 2400 5014 educatus-

415 5051 474 5120 qne
491 5047 514 5132 a
532 5031 628 5124 prima
648 5040 747 5100 aetate
767 5053 820 5099 eas
842 5030 1013 5098 addiscebat
1032 5039 1172 5115 mantes,
1201 5052 1273 5119 qaas
1300 5031 1346 5098 rllr
1367 5031 1518 5115 hominnm
1540 5033 1645 5121 generi
1665 5033 1802 5123 proprias
1822 5032 1917 5100 foisse
1938 5052 2060 5115 scimus,
2084 5030 2197 5098 laboras
2216 5032 2400 5122 patientiam,

772 3856 957 3950 regnantum
969 3849 1177 3939 inscriptionis
1198 3848 1321 3916 Brixiae
1343 3872 1439 3940 nuper
1459 3852 1608 3917 inventum
1629 3872 1677 3941 ap.
1699 3851 1842 3918 0relrnm
1867 3853 1908 3918 N.
1919 3852 1993 3918 632
2015 3853 2140 3936 evincit,
2161 3852 2214 3918 sed
2236 3851 2319 3918 nulla
2336 3874 2403 3919 enm

481 5299 514 5374 b)
528 5301 586 5359 lilia
606 5303 698 5358 serbis
724 5304 765 5358 sic
784 5303 939 5375 explicatis,
968 5308 1093 5373 speret,
1121 5318 1200 5373 qnam
1219 5301 1309 5372 iniquo
1330 5304 1387 5359 Ge-
1436 5302 1576 5358 malicitati
1615 5300 1764 5371 ropiorem,
1786 5291 2001 5371 haudquaquam,
2022 5307 2053 5356 nt
2076 5302 2232 5356 Gebsuerus
2259 5301 2337 5366 facit,
2366 5304 2402 5358 ad

408 5373 530 5428 annu
546 5370 575 5440 5·
591 5372 634 5428 17.
674 5371 763 5426 ,Μ
782 5371 963 5441 reprehendat
985 5321 1117 5438 l‘lininm,
1150 5371 1223 5440 qnod
1309 5370 1387 5441 'pse
1435 5373 1537 5424 vultum
1559 5321 1703 5425 relerenda
1723 5370 1787 5424 mihi
1810 5371 1932 5424 ridentur
1954 5371 2071 5436 eiusdem
2093 5370 2174 5448 Plinii
2195 5370 2279 5423 rerba
2300 5370 2401 5427 ibidem

407 5439 588 5496 &citatem
604 5457 622 5494 a
685 5455 749 5493 aare
765 5455 820 5494 noa
845 5440 881 5494 sit
899 5440 1015 5508 remma,
1036 5444 1065 5492 et
1086 5455 1165 5507 quam
1187 5443 1287 5491 temere
1324 5440 1386 5506 icat,
1435 5440 1520 5492 lectar
1542 5440 1655 5502 „eadem
1678 5439 1727 5490 illo
1750 5441 1864 5491 torellus
1888 5439 1993 5492 tabulas
2020 5440 2088 5489 doris
2111 5437 2205 5516 Apucic
2232 5445 2259 5491 et
2292 5439 2401 5491 i'eo'erie

406 5507 443 5563 nl
457 5507 559 5563 nivelo
573 5507 707 5576 ctineptc
722 5506 822 5561 tscmm
838 5524 912 5577 esse,
927 5514 1017 5574 rates,
1040 5505 1130 5560 Plinio
1146 5504 1273 5559 scribenti
1289 5507 1386 5560 obver-
1435 5516 1553 5560 murato
1575 5508 1641 5559 ιον*
1663 5512 1714 5560 etc.
1748 5507 1824 5559 Haec
1846 5509 1921 5559 salva
1942 5505 2079 5572 Agrippae
2108 5504 2238 5570 dignitate
2266 5512 2293 5560 et
2321 5507 2402 5560 lando

409 5580 499 5630 amm
515 5590 577 5630 esse
588 5575 754 5630 mari·
768 5575 908 5630 mollitiem
923 5590 957 5629 ac
973 5574 1097 5628 delicium
1113 5588 1174 5628 com
1189 5588 1223 5627 eo
1239 5573 1305 5628 tacit
1319 5587 1386 5642 qna·
1435 5573 1519 5627 scribi
1535 5579 1661 5642 poterant
1676 5570 1803 5643 aPlinio,
1819 5574 1865 5643 qni
1881 5574 1972 5645 quanti
1986 5573 2063 5626 illum
2079 5571 2174 5626 lecerit
2184 5574 2297 5628 caeteris
2313 5573 2403 5631 uerbis

407 5641 1386 5714 &mmmmpsna-socnndensnhnnmtnmqno
1434 5641 1645 5699 udsdedmt.
2074 5653 2079 5664 ·
