5717 6575
1022 631 1249 701 POEblelTIS
1270 631 1453 700 Larius
1476 633 1536 701 ΕΤ
1560 633 1757 705 GRAECIS.
1898 665 1910 688 r
2335 635 2387 712 89

392 824 542 918 faceret,
577 820 734 896 sortasse
759 820 927 896 nonnulla
948 824 1149 895 attexuerat
1180 819 1226 897 de
1249 821 1329 921 ipsa
1356 819 1500 917 Sicilia,
1517 818 1553 918 ⁴)
1596 820 1704 923 idque
1722 832 1851 923 poema
1879 821 1984 923 hujus
2007 822 2142 898 insulae
2164 821 2308 897 nomine
2327 818 2388 895 in·

393 943 586 1043 scripserat
618 939 745 1015 callida
775 964 862 1014 usus
887 936 1186 1033 dissirnulatioue,
1216 963 1263 1014 ne
1294 963 1359 1013 sua
1393 941 1541 1015 tantum‘
1563 964 1693 1017 caussa
1721 941 1906 1042 scripsisse
1930 941 2126 1019 uideretur.
2178 939 2259 1040 Qua
2281 939 2320 1013 iu
2345 964 2386 1013 ro

394 1058 564 1137 dicendus
598 1058 668 1133 erit
690 1060 889 1134 aemulatus
922 1081 1005 1133 esso
1025 1059 1256 1152 aruncum,
1292 1055 1426 1135 Julium
1450 1057 1658 1154 Gaesarem,
1689 1084 1827 1160 aquo,
1863 1085 1943 1135 cnm
1964 1060 2004 1134 in
2032 1060 2238 1159 Hispaniam
2263 1064 2386 1133 contm

393 1181 469 1257 Cn>
482 1177 647 1278 Pompeji
666 1176 720 1253 M.
744 1175 836 1252 lilios
858 1176 1064 1272 fesdnaret,
1086 1187 1216 1278 poema
1238 1175 1363 1251 sindbs
1387 1177 1590 1278 arguuuenti
1614 1185 1650 1255 et
1681 1179 1841 1275 consilii,
1873 1186 1916 1254 ut
1937 1204 2018 1255 mea
2041 1178 2185 1278 quidem
2206 1178 2277 1252 fert
2302 1175 2385 1277 opi·

392 1301 474 1395 uio,
503 1297 736 1396 compositum
761 1302 836 1389 est,
867 1293 961 1397 quod
982 1300 1059 1373 lter
1081 1295 1283 1395 inscripsit,
1298 1301 1405 1388 Jteste
1428 1295 1602 1372 Suetonio
1635 1294 1706 1374 Jul.
1729 1297 1832 1374 Caes.
1857 1323 1889 1374 c.
1915 1300 1978 1375 56.
2027 1297 2118 1372 lluic
2144 1297 2386 1397 qualicumque

371 1444 494 1510 ,meae
521 1415 566 1492 de
589 1423 798 1516 argnmmto
822 1439 865 1489 ao
888 1413 1034 1489 consilio
1058 1414 1228 1514 poematis
1253 1412 1397 1491 Siciliae
1420 1419 1641 1515 conjecturae
1670 1424 1941 1492 consentaneum
1964 1415 2030 1491 erit
2053 1422 2223 1509 statuere,
2253 1412 2291 1487 id
2314 1439 2385 1489 nou

393 1539 506 1613 multo
531 1543 615 1637 post
636 1534 729 1639 belli-
741 1532 856 1610 Siculi
879 1531 986 1607 linem
1006 1531 1144 1608 circiter
1167 1520 1199 1606 a.
1223 1533 1270 1609 U.
1293 1531 1334 1608 G.
1361 1536 1449 1610 719.
1475 1535 1551 1609 sire
1567 1539 1655 1612 720.
1668 1535 1852 1634 scriptum
1873 1542 1908 1610 et
1931 1537 2134 1637 evulgatum
2157 1558 2252 1608 esse.

546 1653 737 1731 Caeterum
760 1658 1007 1768 praeterquam
1032 1674 1055 1726 a
1080 1649 1250 1729 Suetonio
1274 1650 1370 1727 istud
1397 1653 1577 1752 poeticum
1606 1653 1762 1756 Augusti
1784 1678 1876 1753 opus
1901 1679 1924 1728 a
1947 1655 2090 1729 nemine
2118 1653 2330 1753 scriptorum
2350 1657 2386 1726 et

393 1773 715 1852 Grammaticorum
730 1764 887 1848 veterum
909 1777 1134 1845 memorabar:
1159 1767 1253 1870 quod
1276 1769 1395 1846 nescio
1423 1795 1470 1846 an
1493 1796 1536 1846 eo
1560 1772 1717 1848 evenisse
1739 1771 1868 1870 dicam,
1888 1771 1983 1874 quod
2005 1771 2093 1847 illud
2116 1776 2385 1874 quantumcum-

359 1963 370 1980 ,
394 1919 467 1995 que
496 1917 585 1994 opus
611 1891 848 1968 obscuraverit
870 1889 1027 1966 Cornelii
1051 1889 1175 1966 Severi
1199 1889 1339 1963 Bellum
1360 1888 1543 1986 Siculum,
1576 1891 1738 1992 pluribus
1763 1892 2052 1993 comprehensum
2072 1889 2194 1987 libris,
2235 1913 2386 1992 quorum

395 2013 552 2112 primum
578 2037 660 2088 cum
684 2008 789 2086 laudo
814 2016 1065 2084 commemorat
1088 2005 1323 2110 Quintilianus
1345 2009 1434 2086 lust.
1459 2009 1525 2087 Or.
1546 1994 1645 2088 Liar.
1665 2011 1715 2088 X.
1740 2036 1771 2088 c.
1800 2017 1835 2088 1.
1858 2020 1892 2103 §-
1914 2014 1977 2091 89.

1329 2245 1450 2357 S&
1546 2237 1548 2241 ’

331 2528 335 2534 Ι
548 2430 725 2511 Exstabat
757 2456 865 2537 porro
902 2425 1066 2511 Suetonb
1102 2436 1215 2531 aetate
1244 2434 1332 2507 alter
1362 2406 1477 2537 aeque
1511 2431 1672 2537 modicus
1700 2433 1791 2511 liber
1818 2439 2161 2539 Eptprummutum,
2196 2429 2386 2533 quaesere

393 2563 553 2656 tempore
581 2554 701 2630 balnei
738 2549 985 2628 meditabatur.
1034 2550 1081 2627 Iu
1118 2551 1185 2627 boo
1215 2559 1419 2652 poematum
1453 2579 1584 2656 genere
1605 2555 1792 2658 Augustus
1824 2554 1966 2631 videaur
1990 2550 2180 2628 admodum
2200 2558 2385 2654 promptus

394 2675 506 2749 foisse
530 2671 633 2749 etad
655 2671 995 2774 extemporalitatem
1018 2669 1144 2748 facilis.
1193 2671 1317 2773 Neque
1348 2673 1417 2747 hoo
1440 2673 1627 2774 cuiquam,
1664 2675 1834 2774 quicum
1855 2673 2014 2769 noverit,
2043 2672 2173 2747 mirum
2196 2668 2385 2747 videbitur.

395 2792 476 2868 Fuit
499 2793 594 2869 enim
618 2791 760 2894 ingenio
782 2791 874 2887 acri,
900 2798 1027 2894 arguto
1049 2796 1087 2866 et
1107 2791 1263 2891 procaci,
1286 2817 1354 2865 neo
1377 2799 1450 2867 tam
1474 2791 1609 2867 facetus
1623 2816 1664 2866 ac
1685 2792 1833 2869 festivus
1858 2817 1966 2894 quam
1985 2793 2147 2895 petulans
2173 2799 2210 2867 et
2233 2787 2387 2864 mordax

393 2914 523 3007 bomo,
544 2918 587 2986 ut
610 2935 659 2985 ax
682 2913 759 3011 ejus
781 2910 1124 3013 Apopbtbcgmatis,
1148 2935 1237 3011 quae
1262 2919 1522 3008 memorantur,
1548 2910 1684 2987 abunde
1708 2918 1817 3013 potet.
1866 2913 1988 3014 Atque
2008 2904 2048 2987 ut
2068 2919 2193 3013 nabrra
2214 2911 2329 3008 major
2351 2904 2385 2981 ei

393 3032 465 3107 fuit
486 3025 689 3132 hujusmodi
714 3030 891 3130 poematia
913 3027 1056 3105 ludendi
1073 3028 1238 3124 facultas,
1261 3030 1313 3105 sic
1336 3030 1441 3106 etiam
1458 3031 1550 3106 inter
1562 3029 1705 3133 imperii
1728 3029 1869 3133 negotia
1890 3056 1932 3107 ao
1953 3057 2056 3107 caras
2076 3029 2224 3107 uberius
2245 3037 2386 3128 tempo·

394 3152 459 3231 ris,
473 3150 606 3247 otium,
640 3147 736 3251 quod
770 3149 824 3224 bis
855 3146 991 3224 lusibus
1016 3150 1113 3224 velut
1132 3147 1304 3225 innoxiae
1326 3149 1551 3226 remissionis
1576 3148 1705 3226 deliciis
1730 3149 1931 3228 oblectaret.
1980 3151 2074 3226 Hinc
2094 3158 2200 3225 natus
2227 3155 2282 3223 est
2304 3157 2402 3220 mo·’

395 3269 518 3367 dicus,
549 3275 590 3348 u't
611 3265 807 3347 Suetonius
843 3267 914 3365 ait,
950 3265 1257 3371 Epigrammatum
1282 3267 1372 3372 liber
1396 3270 1422 3348 i.
1445 3296 1479 3347 e.
1503 3269 1658 3346 collectio
1683 3296 1809 3347 eorum
1832 3296 1905 3347 uon
1936 3270 2089 3373 exigua,
2120 3269 2263 3371 abipso
2288 3261 2386 3341 baud

289 3473 312 3486 ρ
393 3388 502 3467 dubie
524 3388 617 3465 lacta
642 3396 679 3464 et
701 3389 739 3463 in
761 3389 874 3490 lucem
897 3385 1014 3485 edita,
1035 3387 1086 3463 ita
1108 3394 1151 3463 ut
1179 3386 1219 3463 in
1245 3390 1341 3489 vulgi
1363 3390 1524 3466 notitiam
1549 3389 1755 3491 perveniret
1778 3415 1821 3465 ao
1843 3388 2005 3466 maribus
2028 3397 2238 3465 versaretur.

498 3547 502 3556 ·
549 3505 809 3608 Quaerentibus
834 3506 948 3604 nobis,
974 3510 1078 3608 cujus
1101 3514 1260 3605 naturae,
1285 3508 1372 3585 artis
1392 3517 1429 3585 et
1447 3509 1649 3611 argumenti
1673 3509 1712 3584 in
1731 3510 1932 3584 uuiversum
1947 3508 2078 3585 suerint
2100 3509 2169 3583 ista
2193 3503 2384 3609 potuistis,
2518 3502 2521 3510 '

285 3673 297 3692 ·
393 3653 467 3703 nou
488 3624 629 3724 desunt,
653 3627 733 3728 qui,
755 3625 823 3702 boo
847 3615 1100 3728 quoque'libro
1122 3634 1300 3703 vetustate
1321 3626 1423 3704 uobis
1448 3628 1656 3729 intercepto,
1678 3629 1917 3704 testimouium
1939 3626 2054 3704 dicant
2078 3627 2237 3729 adeoque
2259 3623 2385 3700 nobis·

394 3753 467 3822 met
495 3739 585 3848 ipsis
619 3744 796 3846 judicandi
824 3741 959 3821 ineunt
983 3745 1131 3848 copiam.
1184 3744 1226 3823 C.
1252 3746 1392 3824 Plinius
1416 3743 1627 3844 Secundus,
1661 3747 1720 3849 qui
1752 3746 1797 3823 dc
1822 3746 2132 3845 Heudecasyllabis
2160 3747 2232 3821 suis
2256 3768 2384 3846 parum

394 3866 529 3942 severis
553 3891 596 3941 ac
613 3863 753 3966 pudicis
775 3866 926 3940 multum
952 3889 1154 3941 sermonem
1177 3889 1218 3939 ao
1234 3862 1451 3965 judiciorum
1472 3847 1807 3942 divemutem'esse
1825 3865 2066 3970 comperisset,
2092 3865 2137 3942 de
2161 3862 2384 3939 lrocindeeo·
2521 3879 2526 3886 ·

393 4011 458 4062 rae
483 3984 698 4086 petulantiae
722 3983 869 4061 airoino
888 4009 969 4060 sese
998 3990 1232 4064 excusaturus
1252 3982 1351 4086 apud
1372 3983 1495 4060 'litum
1519 3983 1723 4060 Aristonem
1748 3985 1900 4062 amicum
1924 3984 2024 4061 libr.
2047 3984 2093 4062 V.
2106 3985 2221 4087 Epist.
2240 3988 2278 4059 3.
2296 3990 2327 4071 §.
2344 3984 2383 4055 l.

393 4102 534 4205 profert
555 4104 761 4202 Romanos,
795 4103 892 4187 viros
919 4128 1097 4201 summos,
1129 4101 1355 4205 gravissimm
1377 4109 1415 4180 et
1445 4102 1688 4199 doctissimos,
1720 4109 1781 4205 qui
1811 4105 1939 4181 similia
1969 4104 2171 4207 scripserint
2194 4104 2232 4177 in
2258 4101 2384 4200 cisque

394 4248 467 4298 non
489 4220 595 4298 modo
618 4222 765 4300 lascivia
784 4247 925 4317 rerum,
949 4219 1015 4297 sed
1038 4248 1084 4299 ne
1109 4221 1226 4298 serbis
1253 4221 1396 4323 quidem
1414 4218 1520 4298 nudis
1545 4222 1785 4318 abstinuerint,
1807 4224 1846 4302 in
1870 4222 2000 4326 quibus
2023 4223 2141 4297 dirum
2162 4222 2305 4314 lulium,
2330 4216 2384 4290 di-

394 4367 482 4417 rum
501 4340 727 4444 Augustum,
763 4338 885 4417 diuum
907 4340 1082 4438 Naum,
1121 4339 1245 4416 litum
1266 4340 1456 4417 Gaesarem
1478 4341 1648 4417 nominat.
1690 4340 1786 4441 ,Inde
1811 4340 1998 4438 discimus,
2028 4341 2183 4444 Augusti
2205 4340 2384 4440 epigram·

394 4467 492 4536 mata
511 4460 747 4564 petulantiora
770 4458 886 4536 luisse
909 4484 953 4536 ao
977 4459 1172 4537 lasciviora.
1222 4456 1320 4559 Quid
1343 4457 1442 4561 quod
1459 4458 1645 4561 judicandi
1669 4458 1715 4536 de
1738 4460 1807 4536 illis
1854 4468 2038 4537 otestatem
2053 4461 2154 4535 uobis
2172 4458 2255 4533 fecit
2277 4457 2382 4533 bla‘r-
2528 4544 2531 4550 Ι

393 4562 509 4660 tialis,
540 4564 601 4666 qui
624 4561 671 4637 ad
694 4587 841 4639 suorum
861 4563 1151 4667 epigrammatum
1174 4562 1352 4638 lasciviam
1377 4585 1419 4636 ac
1443 4561 1698 4663 turpitudinem
1720 4488 1904 4662 splendido
1932 4563 2106 4665 Principis
2130 4562 2292 4661 excrnplo
2314 4583 2382 4632 ex·

394 4678 587 4760 wsaudum
608 4681 821 4785 poematium
839 4679 996 4786 Augusti
1021 4676 1218 4777 ἐξάστιχον
1239 4651 1487 4756 inlermedium
1508 4682 1667 4782 posuerit
1686 4680 1796 4758 'Liba
1818 4681 1888 4759 xl.
1913 4679 2039 4784 Epigr.
2063 4686 2143 4760 20.:

734 4853 737 4858 ⁸
827 4867 990 4947 Caesaris
1013 4865 1171 4967 Augusti
1191 4865 1357 4961 lascivos,
1380 4864 1523 4963 Liuide,
1545 4892 1672 4943 seram

980 4984 1059 5065 Sex
1081 4987 1180 5088 lege,
1206 4986 1267 5087 qui
1291 4984 1400 5060 nutis
1422 4985 1533 5060 verba
1557 4977 1689 5061 Latina
1712 4986 1823 5087 legisr

674 5150 683 5166 ·
829 5109 930 5197 (laod
952 5108 1072 5207 futuit
1098 5109 1305 5205 Glaphyran
1328 5109 1530 5198 Antonius,
1563 5108 1659 5182 bauo
1682 5109 1772 5182 mibi
1794 5132 1952 5203 poenum

757 5225 760 5231 ’
980 5229 1112 5301 sulus
1136 5230 1339 5317 mmtitua't,
1364 5251 1405 5301 se
1428 5250 1566 5324 quoque
1590 5230 1647 5298 uti
1669 5224 1836 5324 futuam.

463 5475 493 5549 t)
509 5478 646 5533 Fortassis
662 5465 811 5547 argumenti
827 5477 869 5532 aul
886 5476 931 5531 ria
947 5476 1077 5549 dedoctus
1092 5439 1174 5530 affl
1195 5480 1238 5541 est
1258 5476 1294 5529 ad
1309 5476 1365 5530 Ae·
1413 5482 1504 5531 umen
1520 5461 1581 5530 eum
1601 5478 1690 5532 locum
1717 5475 1756 5532 ita
1776 5482 1906 5531 motasse
1928 5476 2048 5544 ridetur,
2071 5481 2099 5529 ot
2121 5477 2266 5527 nroruorato
2285 5471 2381 5540 dgnus

388 5570 469 5619 uram
489 5567 621 5632 montem,
639 5563 713 5634 cpjur
735 5561 906 5617 describendi
922 5560 1146 5632 opportunitatem
1169 5559 1269 5614 dabant
1296 5575 1364 5629 quae
1413 5559 1611 5615 sublimaretur
1627 5578 1644 5616 a
1660 5564 1773 5617 Seneca.

387 5646 508 5717 legium
529 5648 618 5704 relata
638 5648 710 5720 apud
731 5646 884 5720 Appianum
898 5646 931 5703 B.
947 5646 980 5702 (2
994 5645 1071 5702 Libr-
1088 5645 1122 5701 Υ.
1138 5660 1164 5702 ο.
1178 5644 1254 5702 117.’
1269 5642 1366 5715 Neque

748 5782 760 5789 -
1001 5743 1003 5747 '
1111 5746 1115 5752 ’
1984 5755 1987 5762 ·
2025 5733 2074 5806 12
