<?xml version="1.0" encoding="UTF-8"?>
<!DOCTYPE html PUBLIC "-//W3C//DTD XHTML 1.0 Transitional//EN"
    "http://www.w3.org/TR/xhtml1/DTD/xhtml1-transitional.dtd">
<html xmlns="http://www.w3.org/1999/xhtml" xml:lang="en" lang="en">
 <head>
  <title>
</title>
<meta http-equiv="Content-Type" content="text/html;charset=utf-8" />
  <meta name='ocr-system' content='tesseract 3.04.00' />
  <meta name='ocr-capabilities' content='ocr_page ocr_carea ocr_par ocr_line ocrx_word'/>
</head>
<body>
  <div class='ocr_page' id='page_1' title='image "./imperatoriscaes00weicgoog_0035.png"; bbox 0 0 5717 6575; ppageno 0'>
   <div class='ocr_carea' id='block_1_1' title="bbox 965 625 2522 741">
    <p class='ocr_par' dir='ltr' id='par_1_1' title="bbox 965 625 2522 741">
     <span class='ocr_line' id='line_1_1' title="bbox 965 625 2522 741; baseline 0.019 -42"><span class='ocrx_word' id='word_1_1' title='bbox 965 625 1542 716; x_wconf 62' lang='lat' dir='ltr'>nemorumnemorum</span> <span class='ocrx_word' id='word_1_2' title='bbox 1563 627 1751 701; x_wconf 86' lang='grc'><strong>555555.</strong></span> <span class='ocrx_word' id='word_1_3' title='bbox 2313 646 2362 724; x_wconf 83' lang='lat'><strong>17</strong></span> <span class='ocrx_word' id='word_1_4' title='bbox 2520 736 2522 741; x_wconf 66' lang='grc'><strong>,</strong></span> 
     </span>
    </p>
   </div>
   <div class='ocr_carea' id='block_1_2' title="bbox 314 789 2381 3300">
    <p class='ocr_par' dir='ltr' id='par_1_2' title="bbox 369 789 2361 1280">
     <span class='ocr_line' id='line_1_2' title="bbox 370 789 2361 927; baseline 0.004 -29"><span class='ocrx_word' id='word_1_5' title='bbox 370 815 506 899; x_wconf 78' lang='grc'><strong>11155151</strong></span> <span class='ocrx_word' id='word_1_6' title='bbox 532 789 742 894; x_wconf 79' lang='grc'><strong>1155555551</strong></span> <span class='ocrx_word' id='word_1_7' title='bbox 775 813 915 893; x_wconf 75' lang='grc'><strong>1151155</strong></span> <span class='ocrx_word' id='word_1_8' title='bbox 946 840 991 893; x_wconf 91' lang='lat' dir='ltr'><strong>eo</strong></span> <span class='ocrx_word' id='word_1_9' title='bbox 1021 817 1060 895; x_wconf 90' lang='grc'><strong>15</strong></span> <span class='ocrx_word' id='word_1_10' title='bbox 1092 819 1169 897; x_wconf 89' lang='lat' dir='ltr'>loco</span> <span class='ocrx_word' id='word_1_11' title='bbox 1204 815 1358 893; x_wconf 88' lang='lat' dir='ltr'>duarum</span> <span class='ocrx_word' id='word_1_12' title='bbox 1381 817 1593 920; x_wconf 88' lang='lat' dir='ltr'>paginarum</span> <span class='ocrx_word' id='word_1_13' title='bbox 1617 820 1780 895; x_wconf 87' lang='lat' dir='ltr'>lacunam</span> <span class='ocrx_word' id='word_1_14' title='bbox 1800 817 1915 898; x_wconf 82' lang='lat' dir='ltr'>habet.</span> <span class='ocrx_word' id='word_1_15' title='bbox 1990 819 2123 900; x_wconf 87' lang='lat' dir='ltr'>Verum</span> <span class='ocrx_word' id='word_1_16' title='bbox 2148 825 2242 903; x_wconf 89' lang='lat' dir='ltr'>enim</span> <span class='ocrx_word' id='word_1_17' title='bbox 2260 844 2361 927; x_wconf 86' lang='grc'><strong>5555,</strong></span> 
     </span>
     <span class='ocr_line' id='line_1_3' title="bbox 370 935 2360 1050; baseline 0.004 -35"><span class='ocrx_word' id='word_1_18' title='bbox 370 939 429 1015; x_wconf 84' lang='grc'><strong>551</strong></span> <span class='ocrx_word' id='word_1_19' title='bbox 454 935 504 1014; x_wconf 80' lang='lat' dir='ltr'>ab</span> <span class='ocrx_word' id='word_1_20' title='bbox 529 937 699 1013; x_wconf 83' lang='lat' dir='ltr'>avunculo</span> <span class='ocrx_word' id='word_1_21' title='bbox 723 956 933 1010; x_wconf 73' lang='lat' dir='ltr'>comessura</span> <span class='ocrx_word' id='word_1_22' title='bbox 959 935 1106 1032; x_wconf 83' lang='lat' dir='ltr'>luisset,</span> <span class='ocrx_word' id='word_1_23' title='bbox 1138 936 1355 1037; x_wconf 86' lang='lat' dir='ltr'>triumphmu</span> <span class='ocrx_word' id='word_1_24' title='bbox 1376 962 1425 1012; x_wconf 83' lang='lat' dir='ltr'><strong>cx</strong></span> <span class='ocrx_word' id='word_1_25' title='bbox 1450 936 1597 1034; x_wconf 79' lang='lat' dir='ltr'>Africa,</span> <span class='ocrx_word' id='word_1_26' title='bbox 1651 937 1839 1039; x_wconf 86' lang='lat' dir='ltr'>stipendiis</span> <span class='ocrx_word' id='word_1_27' title='bbox 1864 939 2082 1038; x_wconf 82' lang='grc'><strong>5555155115,</strong></span> <span class='ocrx_word' id='word_1_28' title='bbox 2131 969 2222 1046; x_wconf 89' lang='lat' dir='ltr'>equo</span> <span class='ocrx_word' id='word_1_29' title='bbox 2244 950 2360 1050; x_wconf 88' lang='lat' dir='ltr'>sequi,</span> 
     </span>
     <span class='ocr_line' id='line_1_4' title="bbox 370 1041 2360 1192; baseline 0.005 -61"><span class='ocrx_word' id='word_1_30' title='bbox 370 1041 2360 1193; x_wconf 71' lang='grc'><strong>55555555515151155555555155551151551515555115515155515555515555,15555551</strong></span> 
     </span>
     <span class='ocr_line' id='line_1_5' title="bbox 369 1171 1515 1280; baseline -0.004 -25"><span class='ocrx_word' id='word_1_31' title='bbox 369 1175 536 1280; x_wconf 79' lang='lat' dir='ltr'>ejusdem</span> <span class='ocrx_word' id='word_1_32' title='bbox 559 1172 715 1249; x_wconf 75' lang='lat' dir='ltr'>dude</span> <span class='ocrx_word' id='word_1_33' title='bbox 686 1171 798 1274; x_wconf 81' lang='lat' dir='ltr'>arguis</span> <span class='ocrx_word' id='word_1_34' title='bbox 814 1197 863 1246; x_wconf 89' lang='lat' dir='ltr'><strong>ae</strong></span> <span class='ocrx_word' id='word_1_35' title='bbox 883 1173 1115 1251; x_wconf 82' lang='lat' dir='ltr'>contubernio</span> <span class='ocrx_word' id='word_1_36' title='bbox 1143 1175 1299 1275; x_wconf 88' lang='lat' dir='ltr'>primum</span> <span class='ocrx_word' id='word_1_37' title='bbox 1320 1175 1515 1250; x_wconf 83' lang='grc'><strong>5111155551.</strong></span> 
     </span>
    </p>

    <p class='ocr_par' dir='ltr' id='par_1_3' title="bbox 314 1292 2381 3298">
     <span class='ocr_line' id='line_1_6' title="bbox 522 1292 2360 1405; baseline 0.002 -35"><span class='ocrx_word' id='word_1_38' title='bbox 522 1295 714 1370; x_wconf 86' lang='lat' dir='ltr'>Praeterea</span> <span class='ocrx_word' id='word_1_39' title='bbox 744 1292 912 1368; x_wconf 88' lang='lat' dir='ltr'>Nicolaus</span> <span class='ocrx_word' id='word_1_40' title='bbox 945 1293 1192 1368; x_wconf 84' lang='lat' dir='ltr'>Damusceuus</span> <span class='ocrx_word' id='word_1_41' title='bbox 1211 1318 1244 1368; x_wconf 94' lang='grc'><strong>5.</strong></span> <span class='ocrx_word' id='word_1_42' title='bbox 1272 1297 1334 1370; x_wconf 94' lang='grc'><strong>14.</strong></span> <span class='ocrx_word' id='word_1_43' title='bbox 1368 1293 1570 1391; x_wconf 85' lang='lat' dir='ltr'>ambitiose,</span> <span class='ocrx_word' id='word_1_44' title='bbox 1621 1295 1793 1392; x_wconf 86' lang='grc'><strong>5155151,</strong></span> <span class='ocrx_word' id='word_1_45' title='bbox 1841 1302 1984 1391; x_wconf 87' lang='grc'><strong>555551,</strong></span> <span class='ocrx_word' id='word_1_46' title='bbox 2030 1295 2286 1405; x_wconf 82' lang='lat' dir='ltr'>Augustnmp</span> <span class='ocrx_word' id='word_1_47' title='bbox 2285 1304 2360 1381; x_wconf 79' lang='lat' dir='ltr'>rius</span> 
     </span>
     <span class='ocr_line' id='line_1_7' title="bbox 370 1409 2362 1519; baseline 0.005 -29"><span class='ocrx_word' id='word_1_48' title='bbox 370 1434 481 1519; x_wconf 75' lang='lat' dir='ltr'>quam</span> <span class='ocrx_word' id='word_1_49' title='bbox 503 1411 637 1492; x_wconf 87' lang='lat' dir='ltr'>Julium</span> <span class='ocrx_word' id='word_1_50' title='bbox 662 1411 875 1506; x_wconf 82' lang='lat' dir='ltr'>Gaesarem,</span> <span class='ocrx_word' id='word_1_51' title='bbox 910 1412 947 1485; x_wconf 91' lang='lat' dir='ltr'><strong>in</strong></span> <span class='ocrx_word' id='word_1_52' title='bbox 969 1412 1105 1488; x_wconf 86' lang='lat' dir='ltr'>Urbem</span> <span class='ocrx_word' id='word_1_53' title='bbox 1127 1409 1368 1507; x_wconf 89' lang='grc'><strong>55515511555,</strong></span> <span class='ocrx_word' id='word_1_54' title='bbox 1401 1413 1586 1513; x_wconf 84' lang='lat' dir='ltr'>impetrate</span> <span class='ocrx_word' id='word_1_55' title='bbox 1611 1413 1658 1491; x_wconf 80' lang='lat' dir='ltr'>ab</span> <span class='ocrx_word' id='word_1_56' title='bbox 1676 1439 1721 1490; x_wconf 91' lang='lat' dir='ltr'><strong>eo</strong></span> <span class='ocrx_word' id='word_1_57' title='bbox 1744 1419 1895 1491; x_wconf 86' lang='lat' dir='ltr'>matrem</span> <span class='ocrx_word' id='word_1_58' title='bbox 1918 1417 2093 1493; x_wconf 86' lang='lat' dir='ltr'>salutandi</span> <span class='ocrx_word' id='word_1_59' title='bbox 2114 1422 2230 1498; x_wconf 81' lang='grc'><strong>55515.</strong></span> <span class='ocrx_word' id='word_1_60' title='bbox 2276 1422 2362 1500; x_wconf 80' lang='lat' dir='ltr'>sot-</span> 
     </span>
     <span class='ocr_line' id='line_1_8' title="bbox 371 1528 2381 1633; baseline 0.004 -23"><span class='ocrx_word' id='word_1_61' title='bbox 371 1536 456 1615; x_wconf 87' lang='lat' dir='ltr'>lioet</span> <span class='ocrx_word' id='word_1_62' title='bbox 479 1534 549 1611; x_wconf 90' lang='lat' dir='ltr'>iste</span> <span class='ocrx_word' id='word_1_63' title='bbox 574 1531 728 1632; x_wconf 77' lang='lat' dir='ltr'>smiptor</span> <span class='ocrx_word' id='word_1_64' title='bbox 748 1531 861 1606; x_wconf 82' lang='lat' dir='ltr'>voluit</span> <span class='ocrx_word' id='word_1_65' title='bbox 887 1528 1033 1626; x_wconf 87' lang='lat' dir='ltr'>dooere,</span> <span class='ocrx_word' id='word_1_66' title='bbox 1067 1538 1199 1631; x_wconf 87' lang='lat' dir='ltr'>quanta</span> <span class='ocrx_word' id='word_1_67' title='bbox 1222 1529 1415 1631; x_wconf 85' lang='lat' dir='ltr'>utrobique</span> <span class='ocrx_word' id='word_1_68' title='bbox 1439 1531 1546 1606; x_wconf 82' lang='lat' dir='ltr'>luerit</span> <span class='ocrx_word' id='word_1_69' title='bbox 1567 1531 1784 1628; x_wconf 85' lang='lat' dir='ltr'>humanitas,</span> <span class='ocrx_word' id='word_1_70' title='bbox 1820 1542 1950 1633; x_wconf 82' lang='lat' dir='ltr'>qusnts</span> <span class='ocrx_word' id='word_1_71' title='bbox 1979 1536 2125 1615; x_wconf 84' lang='lat' dir='ltr'>oaritasl</span> <span class='ocrx_word' id='word_1_72' title='bbox 2169 1538 2251 1619; x_wconf 86' lang='grc'><strong>155</strong></span> <span class='ocrx_word' id='word_1_73' title='bbox 2273 1557 2381 1618; x_wconf 81' lang='lat' dir='ltr'>rero&#39;</span> 
     </span>
     <span class='ocr_line' id='line_1_9' title="bbox 371 1647 2362 1758; baseline 0.001 -26"><span class='ocrx_word' id='word_1_74' title='bbox 371 1653 583 1732; x_wconf 79' lang='lat' dir='ltr'>Plutsrcbus</span> <span class='ocrx_word' id='word_1_75' title='bbox 605 1651 645 1724; x_wconf 90' lang='grc'><strong>15</strong></span> <span class='ocrx_word' id='word_1_76' title='bbox 666 1649 739 1727; x_wconf 82' lang='lat' dir='ltr'>Vll.</span> <span class='ocrx_word' id='word_1_77' title='bbox 761 1649 893 1727; x_wconf 77' lang='lat' dir='ltr'>Autan.</span> <span class='ocrx_word' id='word_1_78' title='bbox 915 1674 947 1726; x_wconf 92' lang='grc'><strong>5.</strong></span> <span class='ocrx_word' id='word_1_79' title='bbox 979 1655 1040 1727; x_wconf 88' lang='grc'><strong>11.</strong></span> <span class='ocrx_word' id='word_1_80' title='bbox 1063 1647 1109 1725; x_wconf 92' lang='grc'><strong>15</strong></span> <span class='ocrx_word' id='word_1_81' title='bbox 1133 1648 1230 1726; x_wconf 83' lang='lat' dir='ltr'>lulio</span> <span class='ocrx_word' id='word_1_82' title='bbox 1256 1649 1409 1726; x_wconf 75' lang='lat' dir='ltr'>Caesare</span> <span class='ocrx_word' id='word_1_83' title='bbox 1433 1673 1483 1725; x_wconf 83' lang='lat' dir='ltr'><strong>ex</strong></span> <span class='ocrx_word' id='word_1_84' title='bbox 1505 1650 1675 1751; x_wconf 78' lang='lat' dir='ltr'><strong>Hispania</strong></span> <span class='ocrx_word' id='word_1_85' title='bbox 1702 1650 1921 1754; x_wconf 72' lang='lat' dir='ltr'>regrediente</span> <span class='ocrx_word' id='word_1_86' title='bbox 1950 1653 2080 1730; x_wconf 82' lang='grc'><strong>1551115</strong></span> <span class='ocrx_word' id='word_1_87' title='bbox 2114 1653 2362 1758; x_wconf 71' lang='grc' dir='ltr'><strong>νομιζόμενος</strong></span> 
     </span>
     <span class='ocr_line' id='line_1_10' title="bbox 370 1762 2362 1877; baseline 0.005 -33"><span class='ocrx_word' id='word_1_88' title='bbox 370 1806 424 1831; x_wconf 72' lang='grc' dir='ltr'><strong>ι·-</strong></span> <span class='ocrx_word' id='word_1_89' title='bbox 446 1767 508 1845; x_wconf 73' lang='lat' dir='ltr'><strong>ert</strong></span> <span class='ocrx_word' id='word_1_90' title='bbox 537 1765 697 1871; x_wconf 76' lang='grc' dir='ltr'><strong><em>ζεύγους</em></strong></span> <span class='ocrx_word' id='word_1_91' title='bbox 718 1763 785 1843; x_wconf 77' lang='grc'><strong>(151</strong></span> <span class='ocrx_word' id='word_1_92' title='bbox 816 1764 1059 1862; x_wconf 72' lang='grc'><strong>5151551155</strong></span> <span class='ocrx_word' id='word_1_93' title='bbox 1079 1762 1288 1844; x_wconf 74' lang='grc' dir='ltr'><em>’Λντώνιον</em></span> <span class='ocrx_word' id='word_1_94' title='bbox 1311 1765 1387 1863; x_wconf 85' lang='grc' dir='ltr'><strong>51χ5</strong></span> <span class='ocrx_word' id='word_1_95' title='bbox 1406 1766 1494 1866; x_wconf 77' lang='grc' dir='ltr'><strong>μεθ’</strong></span> <span class='ocrx_word' id='word_1_96' title='bbox 1512 1768 1651 1844; x_wconf 76' lang='grc' dir='ltr'><em>ἑαυτοῦ</em></span> <span class='ocrx_word' id='word_1_97' title='bbox 1665 1763 1967 1870; x_wconf 70' lang='grc' dir='ltr'><em>συνοχούμενον,</em></span> <span class='ocrx_word' id='word_1_98' title='bbox 1994 1771 2158 1850; x_wconf 80' lang='grc' dir='ltr'><em>ὄπισθεν</em></span> <span class='ocrx_word' id='word_1_99' title='bbox 2173 1772 2215 1850; x_wconf 68' lang='lat' dir='ltr'>de*</span> <span class='ocrx_word' id='word_1_100' title='bbox 2231 1778 2362 1877; x_wconf 78' lang='grc' dir='ltr'><em>Βροῦ-</em></span> 
     </span>
     <span class='ocr_line' id='line_1_11' title="bbox 370 1881 2362 1991; baseline 0.003 -27"><span class='ocrx_word' id='word_1_101' title='bbox 370 1912 442 1967; x_wconf 75' lang='grc' dir='ltr'><strong>τον</strong></span> <span class='ocrx_word' id='word_1_102' title='bbox 459 1886 637 1985; x_wconf 74' lang='grc' dir='ltr'><em>Ἀλβῖνον</em></span> <span class='ocrx_word' id='word_1_103' title='bbox 661 1883 729 1962; x_wconf 78' lang='grc' dir='ltr'><strong>καὶ</strong></span> <span class='ocrx_word' id='word_1_104' title='bbox 748 1883 819 1961; x_wconf 83' lang='grc' dir='ltr'><strong>τὸν</strong></span> <span class='ocrx_word' id='word_1_105' title='bbox 840 1891 907 1970; x_wconf 71' lang='grc'><strong>515</strong></span> <span class='ocrx_word' id='word_1_106' title='bbox 935 1883 1143 1984; x_wconf 78' lang='grc' dir='ltr'><em>ἀδελφιδῆς</em></span> <span class='ocrx_word' id='word_1_107' title='bbox 1167 1881 1274 1974; x_wconf 80' lang='grc' dir='ltr'><strong>υἱὸν,</strong></span> <span class='ocrx_word' id='word_1_108' title='bbox 1299 1884 1590 1982; x_wconf 84' lang='grc' dir='ltr'><strong>Ὀκταουιανὸν,</strong></span> <span class='ocrx_word' id='word_1_109' title='bbox 1624 1884 1666 1970; x_wconf 77' lang='lat' dir='ltr'>br</span> <span class='ocrx_word' id='word_1_110' title='bbox 1697 1883 1794 1985; x_wconf 75' lang='lat' dir='ltr'>prad</span> <span class='ocrx_word' id='word_1_111' title='bbox 1822 1894 1946 1974; x_wconf 72' lang='grc' dir='ltr'><strong><em>ταῦτα</em></strong></span> <span class='ocrx_word' id='word_1_112' title='bbox 1973 1894 2123 1991; x_wconf 81' lang='grc' dir='ltr'><strong><em>Καῖσαρ</em></strong></span> <span class='ocrx_word' id='word_1_113' title='bbox 2147 1890 2362 1991; x_wconf 74' lang='grc' dir='ltr'><em>ὠνομάσθη</em></span> 
     </span>
     <span class='ocr_line' id='line_1_12' title="bbox 371 2004 2361 2111; baseline 0.003 -27"><span class='ocrx_word' id='word_1_114' title='bbox 371 2032 407 2099; x_wconf 73' lang='lat' dir='ltr'>a.</span> <span class='ocrx_word' id='word_1_115' title='bbox 430 2031 468 2083; x_wconf 88' lang='grc' dir='ltr'><strong>τ.</strong></span> <span class='ocrx_word' id='word_1_116' title='bbox 491 2011 523 2082; x_wconf 86' lang='grc'><strong>1.</strong></span> <span class='ocrx_word' id='word_1_117' title='bbox 573 2006 722 2082; x_wconf 84' lang='lat' dir='ltr'>Constet</span> <span class='ocrx_word' id='word_1_118' title='bbox 745 2013 864 2080; x_wconf 88' lang='lat' dir='ltr'>autem</span> <span class='ocrx_word' id='word_1_119' title='bbox 889 2030 1008 2105; x_wconf 90' lang='lat' dir='ltr'>neque</span> <span class='ocrx_word' id='word_1_120' title='bbox 1033 2004 1086 2080; x_wconf 87' lang='grc' dir='ltr'><strong>Μ.</strong></span> <span class='ocrx_word' id='word_1_121' title='bbox 1109 2004 1324 2101; x_wconf 81' lang='lat' dir='ltr'>Antonium,</span> <span class='ocrx_word' id='word_1_122' title='bbox 1359 2005 1549 2106; x_wconf 85' lang='grc'><strong>555551).</strong></span> <span class='ocrx_word' id='word_1_123' title='bbox 1576 2007 1728 2081; x_wconf 82' lang='lat' dir='ltr'>Brutum</span> <span class='ocrx_word' id='word_1_124' title='bbox 1761 2005 1927 2081; x_wconf 78' lang='lat' dir='ltr'>Albinum</span> <span class='ocrx_word' id='word_1_125' title='bbox 1962 2009 2001 2083; x_wconf 93' lang='grc'><strong>15</strong></span> <span class='ocrx_word' id='word_1_126' title='bbox 2023 2010 2246 2111; x_wconf 68' lang='lat' dir='ltr'>hispaniensi</span> <span class='ocrx_word' id='word_1_127' title='bbox 2269 2013 2361 2089; x_wconf 90' lang='lat' dir='ltr'>bello</span> 
     </span>
     <span class='ocr_line' id='line_1_13' title="bbox 370 2122 2362 2229; baseline 0.001 -23"><span class='ocrx_word' id='word_1_128' title='bbox 370 2124 459 2206; x_wconf 80' lang='grc'><strong>15111</strong></span> <span class='ocrx_word' id='word_1_129' title='bbox 482 2124 648 2202; x_wconf 69' lang='lat' dir='ltr'>(lammis</span> <span class='ocrx_word' id='word_1_130' title='bbox 671 2125 783 2200; x_wconf 88' lang='grc'><strong>151555</strong></span> <span class='ocrx_word' id='word_1_131' title='bbox 804 2124 967 2220; x_wconf 87' lang='lat' dir='ltr'>comites,</span> <span class='ocrx_word' id='word_1_132' title='bbox 985 2122 1115 2199; x_wconf 88' lang='grc'><strong>551</strong></span> <span class='ocrx_word' id='word_1_133' title='bbox 1084 2149 1116 2198; x_wconf 87' lang='lat' dir='ltr'><strong>er</strong></span> <span class='ocrx_word' id='word_1_134' title='bbox 1139 2123 1340 2200; x_wconf 82' lang='lat' dir='ltr'>victricibus</span> <span class='ocrx_word' id='word_1_135' title='bbox 1363 2149 1446 2199; x_wconf 91' lang='lat' dir='ltr'><strong>cum</strong></span> <span class='ocrx_word' id='word_1_136' title='bbox 1467 2125 1665 2227; x_wconf 76' lang='lat' dir='ltr'>legionibus</span> <span class='ocrx_word' id='word_1_137' title='bbox 1689 2123 1848 2200; x_wconf 88' lang='grc'><strong>55155511</strong></span> <span class='ocrx_word' id='word_1_138' title='bbox 1871 2127 2005 2227; x_wconf 83' lang='lat' dir='ltr'>puriter</span> <span class='ocrx_word' id='word_1_139' title='bbox 2029 2136 2134 2229; x_wconf 88' lang='lat' dir='ltr'>atque</span> <span class='ocrx_word' id='word_1_140' title='bbox 2155 2131 2243 2206; x_wconf 85' lang='grc'><strong>51155</strong></span> <span class='ocrx_word' id='word_1_141' title='bbox 2265 2134 2362 2208; x_wconf 83' lang='lat' dir='ltr'>mul·</span> 
     </span>
     <span class='ocr_line' id='line_1_14' title="bbox 370 2240 2362 2355; baseline 0.003 -35"><span class='ocrx_word' id='word_1_142' title='bbox 370 2251 428 2321; x_wconf 88' lang='grc'><strong>155</strong></span> <span class='ocrx_word' id='word_1_143' title='bbox 455 2244 594 2320; x_wconf 77' lang='lat' dir='ltr'>obviam</span> <span class='ocrx_word' id='word_1_144' title='bbox 625 2244 805 2345; x_wconf 81' lang='lat' dir='ltr'>protectos</span> <span class='ocrx_word' id='word_1_145' title='bbox 841 2242 1175 2343; x_wconf 72' lang='lat' dir='ltr'>esse38).1taque</span> <span class='ocrx_word' id='word_1_146' title='bbox 1211 2251 1264 2318; x_wconf 90' lang='grc'><strong>551</strong></span> <span class='ocrx_word' id='word_1_147' title='bbox 1299 2240 1397 2355; x_wconf 91' lang='grc'><strong>5551</strong></span> <span class='ocrx_word' id='word_1_148' title='bbox 1424 2267 1653 2345; x_wconf 85' lang='lat' dir='ltr'>quaeramus,</span> <span class='ocrx_word' id='word_1_149' title='bbox 1687 2270 1775 2319; x_wconf 90' lang='lat' dir='ltr'><strong>uum</strong></span> <span class='ocrx_word' id='word_1_150' title='bbox 1801 2245 2020 2350; x_wconf 81' lang='lat' dir='ltr'>Augustusr</span> <span class='ocrx_word' id='word_1_151' title='bbox 2009 2247 2106 2322; x_wconf 79' lang='lat' dir='ltr'>illum</span> <span class='ocrx_word' id='word_1_152' title='bbox 2129 2258 2362 2326; x_wconf 88' lang='lat' dir='ltr'>commeatum</span> 
     </span>
     <span class='ocr_line' id='line_1_15' title="bbox 367 2357 2361 2471; baseline 0.004 -33"><span class='ocrx_word' id='word_1_153' title='bbox 367 2365 480 2466; x_wconf 71' lang='lat' dir='ltr'><strong>Jam</strong></span> <span class='ocrx_word' id='word_1_154' title='bbox 467 2389 508 2438; x_wconf 86' lang='lat' dir='ltr'><strong>ru</strong></span> <span class='ocrx_word' id='word_1_155' title='bbox 529 2363 702 2463; x_wconf 74' lang='lat' dir='ltr'><strong>Hispania</strong></span> <span class='ocrx_word' id='word_1_156' title='bbox 724 2363 887 2464; x_wconf 78' lang='lat' dir='ltr'>petiuerit</span> <span class='ocrx_word' id='word_1_157' title='bbox 898 2369 1017 2461; x_wconf 88' lang='lat' dir='ltr'>utque</span> <span class='ocrx_word' id='word_1_158' title='bbox 1040 2357 1305 2462; x_wconf 76' lang='lat' dir='ltr'>impetraverit?</span> <span class='ocrx_word' id='word_1_159' title='bbox 1354 2362 1447 2438; x_wconf 85' lang='lat' dir='ltr'>Mihi</span> <span class='ocrx_word' id='word_1_160' title='bbox 1470 2389 1532 2440; x_wconf 91' lang='grc'><strong>555</strong></span> <span class='ocrx_word' id='word_1_161' title='bbox 1559 2387 1601 2438; x_wconf 90' lang='lat' dir='ltr'>ac</span> <span class='ocrx_word' id='word_1_162' title='bbox 1623 2371 1780 2464; x_wconf 87' lang='lat' dir='ltr'>tempora</span> <span class='ocrx_word' id='word_1_163' title='bbox 1807 2364 1979 2464; x_wconf 73' lang='lat' dir='ltr'>spectanti</span> <span class='ocrx_word' id='word_1_164' title='bbox 2001 2363 2152 2442; x_wconf 84' lang='grc'><strong>5115155</strong></span> <span class='ocrx_word' id='word_1_165' title='bbox 2172 2369 2361 2471; x_wconf 66' lang='lat' dir='ltr'>Augustus</span> 
     </span>
     <span class='ocr_line' id='line_1_16' title="bbox 370 2480 2361 2588; baseline 0.003 -30"><span class='ocrx_word' id='word_1_166' title='bbox 370 2484 586 2559; x_wconf 72' lang='lat' dir='ltr'>avunculum</span> <span class='ocrx_word' id='word_1_167' title='bbox 610 2507 659 2556; x_wconf 87' lang='lat' dir='ltr'><strong>ex</strong></span> <span class='ocrx_word' id='word_1_168' title='bbox 678 2482 847 2581; x_wconf 73' lang='lat' dir='ltr'>Hispania</span> <span class='ocrx_word' id='word_1_169' title='bbox 860 2480 1104 2556; x_wconf 81' lang='lat' dir='ltr'>redeuntem</span> <span class='ocrx_word' id='word_1_170' title='bbox 1093 2508 1131 2555; x_wconf 91' lang='grc'><strong>55</strong></span> <span class='ocrx_word' id='word_1_171' title='bbox 1154 2480 1293 2555; x_wconf 83' lang='grc'><strong>1151155</strong></span> <span class='ocrx_word' id='word_1_172' title='bbox 1315 2483 1503 2558; x_wconf 74' lang='lat' dir='ltr'>comitetur</span> <span class='ocrx_word' id='word_1_173' title='bbox 1525 2507 1625 2578; x_wconf 88' lang='lat' dir='ltr'>esse,</span> <span class='ocrx_word' id='word_1_174' title='bbox 1665 2482 1728 2558; x_wconf 89' lang='grc'><strong>551</strong></span> <span class='ocrx_word' id='word_1_175' title='bbox 1760 2507 1862 2576; x_wconf 92' lang='lat' dir='ltr'>eum,</span> <span class='ocrx_word' id='word_1_176' title='bbox 1899 2491 2086 2584; x_wconf 86' lang='lat' dir='ltr'>autequam</span> <span class='ocrx_word' id='word_1_177' title='bbox 2118 2488 2361 2588; x_wconf 79' lang='lat' dir='ltr'>triumpharet,</span> 
     </span>
     <span class='ocr_line' id='line_1_17' title="bbox 370 2598 2363 2706; baseline 0.002 -27"><span class='ocrx_word' id='word_1_178' title='bbox 370 2601 558 2681; x_wconf 70' lang='grc'><strong>1551555</strong></span> <span class='ocrx_word' id='word_1_179' title='bbox 547 2628 586 2675; x_wconf 87' lang='lat' dir='ltr'><strong>ur</strong></span> <span class='ocrx_word' id='word_1_180' title='bbox 609 2598 788 2675; x_wconf 83' lang='lat' dir='ltr'>Lavicuno</span> <span class='ocrx_word' id='word_1_181' title='bbox 810 2607 1083 2675; x_wconf 81' lang='lat' dir='ltr'>commorantem</span> <span class='ocrx_word' id='word_1_182' title='bbox 1103 2625 1262 2702; x_wconf 83' lang='lat' dir='ltr'>rogasse,</span> <span class='ocrx_word' id='word_1_183' title='bbox 1285 2607 1326 2675; x_wconf 92' lang='lat' dir='ltr'><strong>ut</strong></span> <span class='ocrx_word' id='word_1_184' title='bbox 1343 2601 1413 2675; x_wconf 91' lang='grc'><strong>5111</strong></span> <span class='ocrx_word' id='word_1_185' title='bbox 1430 2608 1514 2677; x_wconf 89' lang='lat' dir='ltr'>aute</span> <span class='ocrx_word' id='word_1_186' title='bbox 1529 2600 1747 2702; x_wconf 88' lang='lat' dir='ltr'>triumphum</span> <span class='ocrx_word' id='word_1_187' title='bbox 1760 2602 1884 2676; x_wconf 88' lang='lat' dir='ltr'>matris</span> <span class='ocrx_word' id='word_1_188' title='bbox 1893 2601 2099 2679; x_wconf 88' lang='lat' dir='ltr'>salutandae</span> <span class='ocrx_word' id='word_1_189' title='bbox 2111 2606 2224 2706; x_wconf 85' lang='lat' dir='ltr'>gratia</span> <span class='ocrx_word' id='word_1_190' title='bbox 2241 2607 2363 2682; x_wconf 88' lang='lat' dir='ltr'>liceret</span> 
     </span>
     <span class='ocr_line' id='line_1_18' title="bbox 372 2717 2363 2823; baseline 0.001 -27"><span class='ocrx_word' id='word_1_191' title='bbox 372 2719 509 2808; x_wconf 82' lang='lat' dir='ltr'>Urbem</span> <span class='ocrx_word' id='word_1_192' title='bbox 526 2717 679 2821; x_wconf 80' lang='lat' dir='ltr'>ingredi.</span> <span class='ocrx_word' id='word_1_193' title='bbox 728 2717 820 2794; x_wconf 82' lang='lat' dir='ltr'><strong>Eum</strong></span> <span class='ocrx_word' id='word_1_194' title='bbox 844 2727 961 2794; x_wconf 87' lang='lat' dir='ltr'>autem</span> <span class='ocrx_word' id='word_1_195' title='bbox 985 2744 1084 2813; x_wconf 92' lang='lat' dir='ltr'>rem,</span> <span class='ocrx_word' id='word_1_196' title='bbox 1106 2742 1236 2820; x_wconf 88' lang='lat' dir='ltr'>perse</span> <span class='ocrx_word' id='word_1_197' title='bbox 1260 2722 1375 2794; x_wconf 88' lang='grc'><strong>15555</strong></span> <span class='ocrx_word' id='word_1_198' title='bbox 1398 2744 1440 2794; x_wconf 87' lang='grc'><strong>55</strong></span> <span class='ocrx_word' id='word_1_199' title='bbox 1460 2721 1591 2795; x_wconf 90' lang='lat' dir='ltr'>nullius</span> <span class='ocrx_word' id='word_1_200' title='bbox 1613 2720 1799 2814; x_wconf 88' lang='lat' dir='ltr'>momenti,</span> <span class='ocrx_word' id='word_1_201' title='bbox 1830 2726 1954 2794; x_wconf 86' lang='lat' dir='ltr'>notatu</span> <span class='ocrx_word' id='word_1_202' title='bbox 1974 2720 2116 2823; x_wconf 86' lang='lat' dir='ltr'>dignam</span> <span class='ocrx_word' id='word_1_203' title='bbox 2137 2726 2273 2799; x_wconf 90' lang='lat' dir='ltr'>censuit</span> <span class='ocrx_word' id='word_1_204' title='bbox 2293 2725 2363 2801; x_wconf 87' lang='lat' dir='ltr'><strong>Ni·</strong></span> 
     </span>
     <span class='ocr_line' id='line_1_19' title="bbox 372 2836 2362 2940; baseline 0.002 -24"><span class='ocrx_word' id='word_1_205' title='bbox 372 2842 513 2935; x_wconf 81' lang='grc'><strong>551555,</strong></span> <span class='ocrx_word' id='word_1_206' title='bbox 536 2845 598 2932; x_wconf 89' lang='grc'><strong>51,</strong></span> <span class='ocrx_word' id='word_1_207' title='bbox 635 2863 743 2939; x_wconf 87' lang='lat' dir='ltr'>quam</span> <span class='ocrx_word' id='word_1_208' title='bbox 766 2837 930 2933; x_wconf 84' lang='lat' dir='ltr'>sobrius,</span> <span class='ocrx_word' id='word_1_209' title='bbox 964 2836 1123 2938; x_wconf 89' lang='lat' dir='ltr'>prudens</span> <span class='ocrx_word' id='word_1_210' title='bbox 1155 2862 1197 2913; x_wconf 85' lang='grc'><strong>55</strong></span> <span class='ocrx_word' id='word_1_211' title='bbox 1226 2839 1352 2912; x_wconf 84' lang='lat' dir='ltr'>sollers</span> <span class='ocrx_word' id='word_1_212' title='bbox 1375 2838 1561 2940; x_wconf 82' lang='lat' dir='ltr'>Augrrstus</span> <span class='ocrx_word' id='word_1_213' title='bbox 1588 2838 1717 2914; x_wconf 81' lang='lat' dir='ltr'>larisset</span> <span class='ocrx_word' id='word_1_214' title='bbox 1749 2838 1787 2911; x_wconf 91' lang='grc'><strong>15</strong></span> <span class='ocrx_word' id='word_1_215' title='bbox 1810 2837 2000 2938; x_wconf 87' lang='lat' dir='ltr'>rejicienda</span> <span class='ocrx_word' id='word_1_216' title='bbox 2023 2838 2290 2917; x_wconf 71' lang='lat' dir='ltr'>Pseudo-Mser</span> <span class='ocrx_word' id='word_1_217' title='bbox 2315 2844 2362 2919; x_wconf 90' lang='lat' dir='ltr'>ad</span> 
     </span>
     <span class='ocr_line' id='line_1_20' title="bbox 314 2946 2362 3063; baseline -0 -25"><span class='ocrx_word' id='word_1_218' title='bbox 314 2946 318 2955; x_wconf 44' lang='lat'><strong>¹</strong></span> <span class='ocrx_word' id='word_1_219' title='bbox 371 2956 572 3039; x_wconf 81' lang='grc'><strong>1551551555</strong></span> <span class='ocrx_word' id='word_1_220' title='bbox 596 2957 632 3032; x_wconf 89' lang='grc'><strong>51</strong></span> <span class='ocrx_word' id='word_1_221' title='bbox 657 2957 875 3033; x_wconf 84' lang='grc'><strong>5555555115</strong></span> <span class='ocrx_word' id='word_1_222' title='bbox 898 2957 1115 3059; x_wconf 66' lang='grc'><strong>5555555115,</strong></span> <span class='ocrx_word' id='word_1_223' title='bbox 1142 2981 1420 3033; x_wconf 88' lang='lat' dir='ltr'>commemorare</span> <span class='ocrx_word' id='word_1_224' title='bbox 1444 2965 1578 3058; x_wconf 81' lang='lat' dir='ltr'>posset</span> <span class='ocrx_word' id='word_1_225' title='bbox 1610 2956 1714 3032; x_wconf 87' lang='lat' dir='ltr'>Idem</span> <span class='ocrx_word' id='word_1_226' title='bbox 1727 2957 1903 3033; x_wconf 86' lang='lat' dir='ltr'>Nicolaus-</span> <span class='ocrx_word' id='word_1_227' title='bbox 1918 2983 1951 3033; x_wconf 92' lang='grc'><strong>5.</strong></span> <span class='ocrx_word' id='word_1_228' title='bbox 1970 2960 2033 3034; x_wconf 83' lang='grc'><strong>15.</strong></span> <span class='ocrx_word' id='word_1_229' title='bbox 2054 2957 2179 3045; x_wconf 84' lang='lat' dir='ltr'>refert,</span> <span class='ocrx_word' id='word_1_230' title='bbox 2196 2960 2362 3063; x_wconf 76' lang='lat' dir='ltr'>Augusto</span> 
     </span>
     <span class='ocr_line' id='line_1_21' title="bbox 372 3075 2361 3177; baseline 0.002 -24"><span class='ocrx_word' id='word_1_231' title='bbox 372 3102 422 3153; x_wconf 80' lang='lat' dir='ltr'><strong>ex</strong></span> <span class='ocrx_word' id='word_1_232' title='bbox 445 3077 571 3152; x_wconf 87' lang='lat' dir='ltr'>militia</span> <span class='ocrx_word' id='word_1_233' title='bbox 595 3075 821 3177; x_wconf 74' lang='lat' dir='ltr'>hispaniensi</span> <span class='ocrx_word' id='word_1_234' title='bbox 845 3100 992 3150; x_wconf 81' lang='lat' dir='ltr'>reverso</span> <span class='ocrx_word' id='word_1_235' title='bbox 1016 3076 1223 3176; x_wconf 81' lang='lat' dir='ltr'>Romaeque</span> <span class='ocrx_word' id='word_1_236' title='bbox 1247 3078 1474 3151; x_wconf 87' lang='lat' dir='ltr'>oorurnoranti</span> <span class='ocrx_word' id='word_1_237' title='bbox 1493 3075 1888 3152; x_wconf 87' lang='grc' dir='ltr'><strong>Ρ51515151551555555</strong></span> <span class='ocrx_word' id='word_1_238' title='bbox 1901 3076 2072 3151; x_wconf 83' lang='lat' dir='ltr'>tributum</span> <span class='ocrx_word' id='word_1_239' title='bbox 2089 3088 2171 3153; x_wconf 84' lang='lat' dir='ltr'>esse</span> <span class='ocrx_word' id='word_1_240' title='bbox 2184 3077 2361 3157; x_wconf 86' lang='lat' dir='ltr'>aSenatu.</span> 
     </span>
     <span class='ocr_line' id='line_1_22' title="bbox 373 3193 2362 3300; baseline 0.002 -29"><span class='ocrx_word' id='word_1_241' title='bbox 373 3194 548 3300; x_wconf 74' lang='lat' dir='ltr'>Videlicet</span> <span class='ocrx_word' id='word_1_242' title='bbox 580 3196 737 3273; x_wconf 82' lang='lat' dir='ltr'>Senatus</span> <span class='ocrx_word' id='word_1_243' title='bbox 768 3193 945 3291; x_wconf 89' lang='lat' dir='ltr'>docrevit,</span> <span class='ocrx_word' id='word_1_244' title='bbox 978 3193 1076 3297; x_wconf 89' lang='lat' dir='ltr'>quod</span> <span class='ocrx_word' id='word_1_245' title='bbox 1107 3194 1222 3272; x_wconf 87' lang='lat' dir='ltr'>Julius</span> <span class='ocrx_word' id='word_1_246' title='bbox 1248 3195 1380 3270; x_wconf 86' lang='lat' dir='ltr'>Caesar</span> <span class='ocrx_word' id='word_1_247' title='bbox 1408 3193 1484 3268; x_wconf 89' lang='lat' dir='ltr'>fieri</span> <span class='ocrx_word' id='word_1_248' title='bbox 1514 3195 1636 3270; x_wconf 85' lang='grc'><strong>551511.</strong></span> <span class='ocrx_word' id='word_1_249' title='bbox 1687 3194 1786 3272; x_wconf 90' lang='lat' dir='ltr'>Gens</span> <span class='ocrx_word' id='word_1_250' title='bbox 1811 3193 1905 3270; x_wconf 90' lang='lat' dir='ltr'>enim</span> <span class='ocrx_word' id='word_1_251' title='bbox 1928 3193 2100 3282; x_wconf 87' lang='grc'><strong>0515515,</strong></span> <span class='ocrx_word' id='word_1_252' title='bbox 2126 3221 2240 3298; x_wconf 85' lang='lat' dir='ltr'>quae,</span> <span class='ocrx_word' id='word_1_253' title='bbox 2272 3204 2362 3274; x_wconf 88' lang='lat' dir='ltr'>teste</span> 
     </span>
    </p>
   </div>
   <div class='ocr_carea' id='block_1_3' title="bbox 372 3289 2516 3417">
    <p class='ocr_par' dir='ltr' id='par_1_4' title="bbox 372 3289 2516 3417">
     <span class='ocr_line' id='line_1_23' title="bbox 372 3289 2516 3417; baseline -0.002 -21"><span class='ocrx_word' id='word_1_254' title='bbox 372 3249 1095 3416; x_wconf 77' lang='grc' dir='ltr'><strong>855155155.2.,51“55551515Ρ515’55</strong></span> <span class='ocrx_word' id='word_1_255' title='bbox 1118 3339 1205 3415; x_wconf 88' lang='lat' dir='ltr'>rege</span> <span class='ocrx_word' id='word_1_256' title='bbox 1232 3315 1324 3390; x_wconf 90' lang='lat' dir='ltr'>inter</span> <span class='ocrx_word' id='word_1_257' title='bbox 1348 3316 1525 3391; x_wconf 84' lang='lat' dir='ltr'>Romanus</span> <span class='ocrx_word' id='word_1_258' title='bbox 1549 3321 1677 3417; x_wconf 87' lang='lat' dir='ltr'>gentes</span> <span class='ocrx_word' id='word_1_259' title='bbox 1702 3317 1844 3409; x_wconf 84' lang='lat' dir='ltr'>allecta,</span> <span class='ocrx_word' id='word_1_260' title='bbox 1875 3339 1962 3388; x_wconf 84' lang='lat' dir='ltr'><strong>mox</strong></span> <span class='ocrx_word' id='word_1_261' title='bbox 1986 3338 2009 3388; x_wconf 90' lang='lat' dir='ltr'>a</span> <span class='ocrx_word' id='word_1_262' title='bbox 2032 3313 2158 3392; x_wconf 83' lang='lat' dir='ltr'>Servio</span> <span class='ocrx_word' id='word_1_263' title='bbox 2180 3317 2363 3394; x_wconf 86' lang='grc' dir='ltr'><strong>Τ51115’·ι5</strong></span> <span class='ocrx_word' id='word_1_264' title='bbox 2504 3354 2516 3369; x_wconf 84' lang='lat'><strong>·</strong></span> 
     </span>
    </p>
   </div>
   <div class='ocr_carea' id='block_1_4' title="bbox 291 3369 2454 5298">
    <p class='ocr_par' dir='ltr' id='par_1_5' title="bbox 291 3369 2454 5298">
     <span class='ocr_line' id='line_1_24' title="bbox 291 3369 2363 3537; baseline -0 -26"><span class='ocrx_word' id='word_1_265' title='bbox 291 3465 297 3472; x_wconf 94' lang='lat'>·</span> <span class='ocrx_word' id='word_1_266' title='bbox 373 3436 541 3537; x_wconf 78' lang='lat' dir='ltr'>petricius</span> <span class='ocrx_word' id='word_1_267' title='bbox 571 3369 798 3529; x_wconf 77' lang='lat' dir='ltr'>uansducta,</span> <span class='ocrx_word' id='word_1_268' title='bbox 822 3433 1036 3535; x_wconf 88' lang='lat' dir='ltr'>procedente</span> <span class='ocrx_word' id='word_1_269' title='bbox 1061 3440 1219 3534; x_wconf 88' lang='lat' dir='ltr'>tempore</span> <span class='ocrx_word' id='word_1_270' title='bbox 1244 3432 1293 3508; x_wconf 90' lang='lat' dir='ltr'>ad</span> <span class='ocrx_word' id='word_1_271' title='bbox 1315 3432 1458 3534; x_wconf 87' lang='lat' dir='ltr'>plebem</span> <span class='ocrx_word' id='word_1_272' title='bbox 1479 3460 1519 3509; x_wconf 88' lang='grc'><strong>55</strong></span> <span class='ocrx_word' id='word_1_273' title='bbox 1543 3435 1761 3528; x_wconf 78' lang='lat' dir='ltr'>contuderat,</span> <span class='ocrx_word' id='word_1_274' title='bbox 1784 3457 1911 3508; x_wconf 86' lang='lat' dir='ltr'>rursus</span> <span class='ocrx_word' id='word_1_275' title='bbox 1935 3458 2064 3534; x_wconf 91' lang='lat' dir='ltr'>magno</span> <span class='ocrx_word' id='word_1_276' title='bbox 2095 3433 2278 3511; x_wconf 87' lang='grc'><strong>1515555115</strong></span> <span class='ocrx_word' id='word_1_277' title='bbox 2297 3462 2363 3537; x_wconf 91' lang='lat' dir='ltr'><strong>per</strong></span> 
     </span>
     <span class='ocr_line' id='line_1_25' title="bbox 372 3550 2362 3653; baseline -0.001 -20"><span class='ocrx_word' id='word_1_278' title='bbox 372 3554 510 3634; x_wconf 79' lang='lat' dir='ltr'>lulium</span> <span class='ocrx_word' id='word_1_279' title='bbox 534 3553 758 3629; x_wconf 87' lang='lat' dir='ltr'>Gaesarem</span> <span class='ocrx_word' id='word_1_280' title='bbox 745 3579 786 3627; x_wconf 89' lang='grc'><strong>55</strong></span> <span class='ocrx_word' id='word_1_281' title='bbox 803 3554 1026 3652; x_wconf 87' lang='lat' dir='ltr'>patriciatum</span> <span class='ocrx_word' id='word_1_282' title='bbox 1050 3550 1174 3648; x_wconf 89' lang='lat' dir='ltr'>rediit,</span> <span class='ocrx_word' id='word_1_283' title='bbox 1199 3554 1325 3628; x_wconf 89' lang='grc'><strong>15515</strong></span> <span class='ocrx_word' id='word_1_284' title='bbox 1313 3580 1351 3627; x_wconf 92' lang='grc'><strong>5</strong></span> <span class='ocrx_word' id='word_1_285' title='bbox 1376 3578 1461 3629; x_wconf 89' lang='lat' dir='ltr'><strong>eum</strong></span> <span class='ocrx_word' id='word_1_286' title='bbox 1483 3553 1685 3653; x_wconf 82' lang='lat' dir='ltr'>Augusto</span> <span class='ocrx_word' id='word_1_287' title='bbox 1669 3560 1812 3651; x_wconf 85' lang='lat' dir='ltr'>Juveue.</span> <span class='ocrx_word' id='word_1_288' title='bbox 1862 3552 1930 3628; x_wconf 88' lang='lat' dir='ltr'>Dio</span> <span class='ocrx_word' id='word_1_289' title='bbox 1955 3551 2101 3629; x_wconf 85' lang='lat' dir='ltr'>Cassius</span> <span class='ocrx_word' id='word_1_290' title='bbox 2124 3551 2224 3629; x_wconf 85' lang='lat' dir='ltr'>Libr.</span> <span class='ocrx_word' id='word_1_291' title='bbox 2244 3554 2362 3633; x_wconf 82' lang='lat' dir='ltr'><strong>XLV.</strong></span> 
     </span>
     <span class='ocr_line' id='line_1_26' title="bbox 374 3669 2363 3773; baseline -0.001 -23"><span class='ocrx_word' id='word_1_292' title='bbox 374 3677 462 3752; x_wconf 72' lang='grc'><strong>51.</strong></span> <span class='ocrx_word' id='word_1_293' title='bbox 486 3671 526 3747; x_wconf 89' lang='lat' dir='ltr'>id</span> <span class='ocrx_word' id='word_1_294' title='bbox 547 3697 657 3773; x_wconf 88' lang='lat' dir='ltr'>quum</span> <span class='ocrx_word' id='word_1_295' title='bbox 679 3671 813 3746; x_wconf 87' lang='lat' dir='ltr'>lactum</span> <span class='ocrx_word' id='word_1_296' title='bbox 836 3696 917 3747; x_wconf 88' lang='grc'><strong>5555</strong></span> <span class='ocrx_word' id='word_1_297' title='bbox 941 3674 991 3747; x_wconf 88' lang='lat' dir='ltr'><strong>ait</strong></span> <span class='ocrx_word' id='word_1_298' title='bbox 1012 3672 1128 3747; x_wconf 84' lang='lat' dir='ltr'>statim</span> <span class='ocrx_word' id='word_1_299' title='bbox 1152 3677 1236 3771; x_wconf 87' lang='lat' dir='ltr'>post</span> <span class='ocrx_word' id='word_1_300' title='bbox 1258 3673 1406 3747; x_wconf 89' lang='lat' dir='ltr'>tirocinii</span> <span class='ocrx_word' id='word_1_301' title='bbox 1429 3672 1700 3746; x_wconf 79' lang='lat' dir='ltr'>sollemnitatem</span> <span class='ocrx_word' id='word_1_302' title='bbox 1729 3695 1761 3743; x_wconf 89' lang='lat' dir='ltr'>a.</span> <span class='ocrx_word' id='word_1_303' title='bbox 1787 3670 1833 3746; x_wconf 87' lang='lat' dir='ltr'><strong>U.</strong></span> <span class='ocrx_word' id='word_1_304' title='bbox 1860 3669 1904 3746; x_wconf 85' lang='grc'><strong>0.</strong></span> <span class='ocrx_word' id='word_1_305' title='bbox 1931 3674 2020 3748; x_wconf 85' lang='grc'><strong>716.</strong></span> <span class='ocrx_word' id='word_1_306' title='bbox 2045 3693 2078 3745; x_wconf 86' lang='grc'><strong>5.</strong></span> <span class='ocrx_word' id='word_1_307' title='bbox 2097 3670 2183 3765; x_wconf 88' lang='grc'><strong>48.,</strong></span> <span class='ocrx_word' id='word_1_308' title='bbox 2215 3669 2363 3748; x_wconf 89' lang='lat' dir='ltr'>dubium</span> 
     </span>
     <span class='ocr_line' id='line_1_27' title="bbox 374 3778 2363 3892; baseline -0.001 -25"><span class='ocrx_word' id='word_1_309' title='bbox 374 3818 450 3868; x_wconf 88' lang='lat' dir='ltr'><strong>uon</strong></span> <span class='ocrx_word' id='word_1_310' title='bbox 473 3792 639 3892; x_wconf 87' lang='grc'><strong>5515515</strong></span> <span class='ocrx_word' id='word_1_311' title='bbox 672 3790 830 3866; x_wconf 79' lang='lat' dir='ltr'>fallatur.</span> <span class='ocrx_word' id='word_1_312' title='bbox 888 3790 982 3866; x_wconf 88' lang='lat' dir='ltr'><strong>Nam</strong></span> <span class='ocrx_word' id='word_1_313' title='bbox 1020 3789 1137 3867; x_wconf 85' lang='lat' dir='ltr'>lulius</span> <span class='ocrx_word' id='word_1_314' title='bbox 1169 3789 1300 3866; x_wconf 86' lang='grc'><strong>055555·</strong></span> <span class='ocrx_word' id='word_1_315' title='bbox 1339 3790 1379 3863; x_wconf 93' lang='grc'><strong>15</strong></span> <span class='ocrx_word' id='word_1_316' title='bbox 1414 3789 1599 3891; x_wconf 86' lang='lat' dir='ltr'>ollegeuda</span> <span class='ocrx_word' id='word_1_317' title='bbox 1631 3790 1726 3864; x_wconf 90' lang='lat' dir='ltr'>iuter</span> <span class='ocrx_word' id='word_1_318' title='bbox 1760 3789 1926 3888; x_wconf 86' lang='lat' dir='ltr'>patricios</span> <span class='ocrx_word' id='word_1_319' title='bbox 1956 3795 2061 3889; x_wconf 83' lang='lat' dir='ltr'>gente</span> <span class='ocrx_word' id='word_1_320' title='bbox 2088 3778 2235 3866; x_wconf 80' lang='lat' dir='ltr'>Octavia</span> <span class='ocrx_word' id='word_1_321' title='bbox 2268 3789 2363 3866; x_wconf 91' lang='lat' dir='ltr'>baud</span> 
     </span>
     <span class='ocr_line' id='line_1_28' title="bbox 374 3906 2454 4010; baseline 0 -24"><span class='ocrx_word' id='word_1_322' title='bbox 374 3910 487 3987; x_wconf 88' lang='lat' dir='ltr'>dubie</span> <span class='ocrx_word' id='word_1_323' title='bbox 509 3908 550 3983; x_wconf 88' lang='lat' dir='ltr'>id</span> <span class='ocrx_word' id='word_1_324' title='bbox 574 3910 756 4010; x_wconf 85' lang='lat' dir='ltr'>spectarit,</span> <span class='ocrx_word' id='word_1_325' title='bbox 781 3909 886 4004; x_wconf 91' lang='grc'><strong>5115,</strong></span> <span class='ocrx_word' id='word_1_326' title='bbox 912 3934 1016 4009; x_wconf 91' lang='lat' dir='ltr'>quem</span> <span class='ocrx_word' id='word_1_327' title='bbox 1034 3907 1445 3983; x_wconf 88' lang='grc'><strong>55515155511555155</strong></span> <span class='ocrx_word' id='word_1_328' title='bbox 1467 3915 1674 3983; x_wconf 87' lang='lat' dir='ltr'>testamento</span> <span class='ocrx_word' id='word_1_329' title='bbox 1688 3913 1762 3981; x_wconf 79' lang='lat' dir='ltr'>‘aut</span> <span class='ocrx_word' id='word_1_330' title='bbox 1780 3911 1858 4008; x_wconf 88' lang='lat' dir='ltr'><strong>jem</strong></span> <span class='ocrx_word' id='word_1_331' title='bbox 1879 3906 2078 4005; x_wconf 76' lang='lat' dir='ltr'>scripsisset</span> <span class='ocrx_word' id='word_1_332' title='bbox 2096 3914 2159 3982; x_wconf 87' lang='grc'><strong>551</strong></span> <span class='ocrx_word' id='word_1_333' title='bbox 2169 3909 2362 4010; x_wconf 85' lang='lat' dir='ltr'>scripturus</span> <span class='ocrx_word' id='word_1_334' title='bbox 2447 3945 2454 3951; x_wconf 87' lang='lat'>·</span> 
     </span>
     <span class='ocr_line' id='line_1_29' title="bbox 374 4023 2362 4128; baseline 0 -23"><span class='ocrx_word' id='word_1_335' title='bbox 374 4031 617 4125; x_wconf 77' lang='lat' dir='ltr'>esset,·ctiam</span> <span class='ocrx_word' id='word_1_336' title='bbox 643 4053 667 4102; x_wconf 89' lang='grc'><strong>5</strong></span> <span class='ocrx_word' id='word_1_337' title='bbox 688 4029 871 4104; x_wconf 88' lang='grc'><strong>5511111515</strong></span> <span class='ocrx_word' id='word_1_338' title='bbox 886 4026 1040 4103; x_wconf 82' lang='lat' dir='ltr'>Senatui</span> <span class='ocrx_word' id='word_1_339' title='bbox 1062 4028 1271 4128; x_wconf 90' lang='lat' dir='ltr'>Populoquo</span> <span class='ocrx_word' id='word_1_340' title='bbox 1295 4026 1604 4103; x_wconf 87' lang='lat' dir='ltr'>commendaretur.</span> <span class='ocrx_word' id='word_1_341' title='bbox 1638 4025 1751 4102; x_wconf 86' lang='lat' dir='ltr'>Eocui</span> <span class='ocrx_word' id='word_1_342' title='bbox 1774 4033 1893 4101; x_wconf 87' lang='lat' dir='ltr'>autem</span> <span class='ocrx_word' id='word_1_343' title='bbox 1916 4023 2081 4101; x_wconf 85' lang='lat' dir='ltr'>credibile</span> <span class='ocrx_word' id='word_1_344' title='bbox 2103 4033 2172 4122; x_wconf 88' lang='grc'><strong>551,</strong></span> <span class='ocrx_word' id='word_1_345' title='bbox 2192 4027 2293 4103; x_wconf 90' lang='lat' dir='ltr'>illum</span> <span class='ocrx_word' id='word_1_346' title='bbox 2314 4028 2362 4105; x_wconf 87' lang='grc'><strong>15</strong></span> 
     </span>
     <span class='ocr_line' id='line_1_30' title="bbox 373 4144 2362 4250; baseline -0.003 -22"><span class='ocrx_word' id='word_1_347' title='bbox 373 4151 443 4228; x_wconf 85' lang='lat' dir='ltr'>boa</span> <span class='ocrx_word' id='word_1_348' title='bbox 461 4149 594 4225; x_wconf 89' lang='grc'><strong>5555515</strong></span> <span class='ocrx_word' id='word_1_349' title='bbox 621 4172 709 4224; x_wconf 88' lang='grc'><strong>5555</strong></span> <span class='ocrx_word' id='word_1_350' title='bbox 733 4155 862 4247; x_wconf 90' lang='lat' dir='ltr'>nepote</span> <span class='ocrx_word' id='word_1_351' title='bbox 884 4147 937 4222; x_wconf 87' lang='lat' dir='ltr'><strong>sic</strong></span> <span class='ocrx_word' id='word_1_352' title='bbox 960 4146 1163 4221; x_wconf 88' lang='lat' dir='ltr'>honorando</span> <span class='ocrx_word' id='word_1_353' title='bbox 1189 4152 1226 4220; x_wconf 85' lang='lat' dir='ltr'><strong>et</strong></span> <span class='ocrx_word' id='word_1_354' title='bbox 1247 4144 1522 4220; x_wconf 86' lang='lat' dir='ltr'>commendando</span> <span class='ocrx_word' id='word_1_355' title='bbox 1546 4146 1731 4248; x_wconf 81' lang='lat' dir='ltr'>cogitasse,</span> <span class='ocrx_word' id='word_1_356' title='bbox 1759 4146 1983 4245; x_wconf 77' lang='grc'><strong>5551555555,</strong></span> <span class='ocrx_word' id='word_1_357' title='bbox 2004 4146 2206 4245; x_wconf 86' lang='lat' dir='ltr'>perspectis</span> <span class='ocrx_word' id='word_1_358' title='bbox 2229 4148 2362 4250; x_wconf 89' lang='lat' dir='ltr'>ingenii</span> 
     </span>
     <span class='ocr_line' id='line_1_31' title="bbox 375 4262 2362 4370; baseline -0.002 -24"><span class='ocrx_word' id='word_1_359' title='bbox 375 4270 555 4370; x_wconf 82' lang='lat' dir='ltr'>animique</span> <span class='ocrx_word' id='word_1_360' title='bbox 580 4271 658 4368; x_wconf 85' lang='lat' dir='ltr'>ejus</span> <span class='ocrx_word' id='word_1_361' title='bbox 680 4267 822 4341; x_wconf 85' lang='lat' dir='ltr'>dotibus</span> <span class='ocrx_word' id='word_1_362' title='bbox 842 4291 882 4340; x_wconf 90' lang='lat' dir='ltr'>ac</span> <span class='ocrx_word' id='word_1_363' title='bbox 904 4265 1104 4359; x_wconf 86' lang='lat' dir='ltr'>virtutibus,</span> <span class='ocrx_word' id='word_1_364' title='bbox 1127 4271 1298 4339; x_wconf 88' lang='lat' dir='ltr'>statutum</span> <span class='ocrx_word' id='word_1_365' title='bbox 1323 4290 1401 4339; x_wconf 88' lang='lat' dir='ltr'>curn</span> <span class='ocrx_word' id='word_1_366' title='bbox 1426 4266 1541 4339; x_wconf 90' lang='lat' dir='ltr'>animo</span> <span class='ocrx_word' id='word_1_367' title='bbox 1565 4262 2039 4356; x_wconf 86' lang='grc'><strong>551511155515551515551,</strong></span> <span class='ocrx_word' id='word_1_368' title='bbox 2064 4287 2147 4338; x_wconf 90' lang='lat' dir='ltr'><strong>eum</strong></span> <span class='ocrx_word' id='word_1_369' title='bbox 2168 4265 2208 4339; x_wconf 90' lang='grc'><strong>15</strong></span> <span class='ocrx_word' id='word_1_370' title='bbox 2232 4291 2362 4343; x_wconf 87' lang='lat' dir='ltr'>nomen</span> 
     </span>
     <span class='ocr_line' id='line_1_32' title="bbox 332 4379 2361 4487; baseline -0.003 -21"><span class='ocrx_word' id='word_1_371' title='bbox 332 4427 339 4436; x_wconf 93' lang='lat'>·</span> <span class='ocrx_word' id='word_1_372' title='bbox 374 4411 481 4466; x_wconf 83' lang='lat' dir='ltr'>suum</span> <span class='ocrx_word' id='word_1_373' title='bbox 503 4387 741 4487; x_wconf 76' lang='lat' dir='ltr'>familiamque</span> <span class='ocrx_word' id='word_1_374' title='bbox 765 4379 982 4460; x_wconf 78' lang='lat' dir='ltr'>adsciscere?</span> <span class='ocrx_word' id='word_1_375' title='bbox 1034 4382 1201 4480; x_wconf 79' lang='lat' dir='ltr'>Accedit,</span> <span class='ocrx_word' id='word_1_376' title='bbox 1228 4382 1323 4484; x_wconf 88' lang='lat' dir='ltr'>quod</span> <span class='ocrx_word' id='word_1_377' title='bbox 1347 4408 1391 4458; x_wconf 91' lang='lat' dir='ltr'><strong>eo</strong></span> <span class='ocrx_word' id='word_1_378' title='bbox 1415 4384 1494 4484; x_wconf 90' lang='lat' dir='ltr'>ipso</span> <span class='ocrx_word' id='word_1_379' title='bbox 1519 4390 1703 4484; x_wconf 89' lang='lat' dir='ltr'>tempore,</span> <span class='ocrx_word' id='word_1_380' title='bbox 1725 4383 1780 4456; x_wconf 87' lang='lat' dir='ltr'>uti·</span> <span class='ocrx_word' id='word_1_381' title='bbox 1804 4381 1976 4459; x_wconf 86' lang='lat' dir='ltr'>Senatum</span> <span class='ocrx_word' id='word_1_382' title='bbox 1998 4382 2129 4456; x_wconf 84' lang='lat' dir='ltr'>iterum</span> <span class='ocrx_word' id='word_1_383' title='bbox 2150 4386 2361 4484; x_wconf 83' lang='lat' dir='ltr'>suppletum,</span> 
     </span>
     <span class='ocr_line' id='line_1_33' title="bbox 373 4483 2361 4608; baseline -0.003 -23"><span class='ocrx_word' id='word_1_384' title='bbox 373 4510 427 4585; x_wconf 88' lang='lat' dir='ltr'><strong>ita</strong></span> <span class='ocrx_word' id='word_1_385' title='bbox 450 4508 552 4584; x_wconf 89' lang='grc'><strong>55515</strong></span> <span class='ocrx_word' id='word_1_386' title='bbox 577 4530 719 4608; x_wconf 90' lang='lat' dir='ltr'>quoque</span> <span class='ocrx_word' id='word_1_387' title='bbox 736 4504 901 4606; x_wconf 84' lang='lat' dir='ltr'>gentibus</span> <span class='ocrx_word' id='word_1_388' title='bbox 923 4503 1136 4579; x_wconf 86' lang='lat' dir='ltr'>nobilitatem</span> <span class='ocrx_word' id='word_1_389' title='bbox 1161 4501 1322 4579; x_wconf 87' lang='grc'><strong>5115115</strong></span> <span class='ocrx_word' id='word_1_390' title='bbox 1347 4501 1498 4579; x_wconf 85' lang='lat' dir='ltr'>Caesare</span> <span class='ocrx_word' id='word_1_391' title='bbox 1524 4498 1641 4577; x_wconf 88' lang='lat' dir='ltr'>datam</span> <span class='ocrx_word' id='word_1_392' title='bbox 1667 4525 1763 4594; x_wconf 87' lang='lat' dir='ltr'>esse,</span> <span class='ocrx_word' id='word_1_393' title='bbox 1796 4500 1988 4576; x_wconf 86' lang='lat' dir='ltr'>memoriae</span> <span class='ocrx_word' id='word_1_394' title='bbox 2013 4498 2187 4599; x_wconf 83' lang='lat' dir='ltr'>proditum</span> <span class='ocrx_word' id='word_1_395' title='bbox 2208 4483 2361 4605; x_wconf 81' lang='lat' dir='ltr'>legimus</span> 
     </span>
     <span class='ocr_line' id='line_1_34' title="bbox 375 4608 2366 4728; baseline -0.003 -26"><span class='ocrx_word' id='word_1_396' title='bbox 375 4626 474 4728; x_wconf 81' lang='lat' dir='ltr'>opud</span> <span class='ocrx_word' id='word_1_397' title='bbox 495 4626 706 4703; x_wconf 88' lang='lat' dir='ltr'>Suetonium</span> <span class='ocrx_word' id='word_1_398' title='bbox 729 4624 770 4697; x_wconf 87' lang='lat' dir='ltr'><strong>in</strong></span> <span class='ocrx_word' id='word_1_399' title='bbox 795 4621 867 4699; x_wconf 88' lang='grc'><strong>151.</strong></span> <span class='ocrx_word' id='word_1_400' title='bbox 890 4623 995 4698; x_wconf 80' lang='lat' dir='ltr'>Caes.</span> <span class='ocrx_word' id='word_1_401' title='bbox 1017 4647 1049 4700; x_wconf 91' lang='grc'><strong>5.</strong></span> <span class='ocrx_word' id='word_1_402' title='bbox 1070 4627 1134 4699; x_wconf 90' lang='grc'><strong>41.</strong></span> <span class='ocrx_word' id='word_1_403' title='bbox 1156 4623 1199 4695; x_wconf 89' lang='grc'><strong>51.</strong></span> <span class='ocrx_word' id='word_1_404' title='bbox 1226 4608 1345 4696; x_wconf 75' lang='lat' dir='ltr'>Tacit</span> <span class='ocrx_word' id='word_1_405' title='bbox 1368 4624 1464 4696; x_wconf 80' lang='lat' dir='ltr'>Anu.</span> <span class='ocrx_word' id='word_1_406' title='bbox 1489 4619 1591 4697; x_wconf 86' lang='lat' dir='ltr'>Libr.</span> <span class='ocrx_word' id='word_1_407' title='bbox 1614 4620 1685 4696; x_wconf 85' lang='lat' dir='ltr'><strong>xl.</strong></span> <span class='ocrx_word' id='word_1_408' title='bbox 1706 4645 1739 4695; x_wconf 91' lang='grc'><strong>5.</strong></span> <span class='ocrx_word' id='word_1_409' title='bbox 1762 4623 1824 4697; x_wconf 84' lang='grc'><strong>25.</strong></span> <span class='ocrx_word' id='word_1_410' title='bbox 1880 4617 1999 4719; x_wconf 87' lang='lat' dir='ltr'>Atque</span> <span class='ocrx_word' id='word_1_411' title='bbox 2024 4617 2103 4694; x_wconf 87' lang='lat' dir='ltr'>illas</span> <span class='ocrx_word' id='word_1_412' title='bbox 2125 4618 2217 4694; x_wconf 90' lang='lat' dir='ltr'>iuter</span> <span class='ocrx_word' id='word_1_413' title='bbox 2235 4632 2366 4723; x_wconf 85' lang='lat' dir='ltr'>gentes</span> 
     </span>
     <span class='ocr_line' id='line_1_35' title="bbox 376 4740 1039 4846; baseline -0.017 -22"><span class='ocrx_word' id='word_1_414' title='bbox 376 4743 565 4824; x_wconf 84' lang='grc'><strong>05155155</strong></span> <span class='ocrx_word' id='word_1_415' title='bbox 589 4767 729 4846; x_wconf 92' lang='lat' dir='ltr'>quoque</span> <span class='ocrx_word' id='word_1_416' title='bbox 745 4740 859 4817; x_wconf 84' lang='grc'><strong>151555</strong></span> <span class='ocrx_word' id='word_1_417' title='bbox 880 4740 1039 4818; x_wconf 87' lang='lat' dir='ltr'>arbitror.</span> 
     </span>
     <span class='ocr_line' id='line_1_36' title="bbox 376 4850 2359 4962; baseline -0.005 -23"><span class='ocrx_word' id='word_1_418' title='bbox 376 4907 380 4914; x_wconf 91' lang='lat'>·</span> <span class='ocrx_word' id='word_1_419' title='bbox 529 4859 718 4938; x_wconf 81' lang='lat' dir='ltr'>Paridem</span> <span class='ocrx_word' id='word_1_420' title='bbox 740 4870 880 4962; x_wconf 88' lang='lat' dir='ltr'>tempus</span> <span class='ocrx_word' id='word_1_421' title='bbox 902 4859 1066 4961; x_wconf 83' lang='lat' dir='ltr'>Augusto</span> <span class='ocrx_word' id='word_1_422' title='bbox 1090 4857 1128 4933; x_wconf 92' lang='grc'><strong>15</strong></span> <span class='ocrx_word' id='word_1_423' title='bbox 1151 4856 1251 4934; x_wconf 89' lang='lat' dir='ltr'>Urbe</span> <span class='ocrx_word' id='word_1_424' title='bbox 1273 4857 1369 4959; x_wconf 90' lang='lat' dir='ltr'>apud</span> <span class='ocrx_word' id='word_1_425' title='bbox 1394 4858 1594 4958; x_wconf 89' lang='lat' dir='ltr'>Philippum</span> <span class='ocrx_word' id='word_1_426' title='bbox 1620 4863 1655 4932; x_wconf 89' lang='lat' dir='ltr'><strong>et</strong></span> <span class='ocrx_word' id='word_1_427' title='bbox 1677 4857 1799 4932; x_wconf 79' lang='lat' dir='ltr'>Atium</span> <span class='ocrx_word' id='word_1_428' title='bbox 1822 4855 1975 4931; x_wconf 87' lang='grc'><strong>55555511</strong></span> <span class='ocrx_word' id='word_1_429' title='bbox 1999 4850 2165 4952; x_wconf 82' lang='lat' dir='ltr'>ridetur,</span> <span class='ocrx_word' id='word_1_430' title='bbox 2187 4858 2359 4930; x_wconf 76' lang='lat' dir='ltr'>avunculo</span> 
     </span>
     <span class='ocr_line' id='line_1_37' title="bbox 339 4971 2359 5086; baseline -0.004 -28"><span class='ocrx_word' id='word_1_431' title='bbox 339 4984 457 5086; x_wconf 90' lang='lat' dir='ltr'>·ipso</span> <span class='ocrx_word' id='word_1_432' title='bbox 481 4982 592 5058; x_wconf 87' lang='grc'><strong>551511</strong></span> <span class='ocrx_word' id='word_1_433' title='bbox 612 4981 798 5084; x_wconf 79' lang='lat' dir='ltr'>pronubo,</span> <span class='ocrx_word' id='word_1_434' title='bbox 823 4978 996 5081; x_wconf 88' lang='lat' dir='ltr'>desponsa</span> <span class='ocrx_word' id='word_1_435' title='bbox 1021 5001 1100 5053; x_wconf 87' lang='lat' dir='ltr'>esse</span> <span class='ocrx_word' id='word_1_436' title='bbox 1121 4983 1295 5073; x_wconf 78' lang='grc'><strong>15551115,</strong></span> <span class='ocrx_word' id='word_1_437' title='bbox 1320 4976 1363 5053; x_wconf 87' lang='lat' dir='ltr'><strong>P.</strong></span> <span class='ocrx_word' id='word_1_438' title='bbox 1385 4976 1529 5053; x_wconf 85' lang='lat' dir='ltr'>Servilii</span> <span class='ocrx_word' id='word_1_439' title='bbox 1551 4975 1713 5070; x_wconf 82' lang='grc'><strong>15555151,</strong></span> <span class='ocrx_word' id='word_1_440' title='bbox 1730 4976 1813 5051; x_wconf 86' lang='lat' dir='ltr'>Cos.</span> <span class='ocrx_word' id='word_1_441' title='bbox 1838 4998 1871 5049; x_wconf 88' lang='grc'><strong>5.</strong></span> <span class='ocrx_word' id='word_1_442' title='bbox 1894 4974 1940 5048; x_wconf 90' lang='lat' dir='ltr'><strong>U.</strong></span> <span class='ocrx_word' id='word_1_443' title='bbox 1966 4971 2359 5069; x_wconf 65' lang='grc'><strong>0701541115,</strong></span> 
     </span>
     <span class='ocr_line' id='line_1_38' title="bbox 307 5089 2361 5242; baseline -0.005 -65"><span class='ocrx_word' id='word_1_444' title='bbox 307 5097 314 5105; x_wconf 77' lang='grc'><strong><em>’</em></strong></span> <span class='ocrx_word' id='word_1_445' title='bbox 377 5125 486 5242; x_wconf 78' lang='grc'><strong>55555</strong></span> <span class='ocrx_word' id='word_1_446' title='bbox 508 5100 568 5176; x_wconf 89' lang='lat' dir='ltr'>ille</span> <span class='ocrx_word' id='word_1_447' title='bbox 586 5106 706 5178; x_wconf 88' lang='lat' dir='ltr'>tamen</span> <span class='ocrx_word' id='word_1_448' title='bbox 727 5124 893 5203; x_wconf 87' lang='lat' dir='ltr'>sponsam</span> <span class='ocrx_word' id='word_1_449' title='bbox 916 5104 1054 5173; x_wconf 86' lang='lat' dir='ltr'>tautum</span> <span class='ocrx_word' id='word_1_450' title='bbox 1077 5095 1256 5194; x_wconf 89' lang='lat' dir='ltr'>habuisse,</span> <span class='ocrx_word' id='word_1_451' title='bbox 1277 5119 1470 5198; x_wconf 84' lang='grc'><strong>55555555</strong></span> <span class='ocrx_word' id='word_1_452' title='bbox 1493 5096 1531 5170; x_wconf 93' lang='grc'><strong>15</strong></span> <span class='ocrx_word' id='word_1_453' title='bbox 1554 5093 1812 5170; x_wconf 87' lang='lat' dir='ltr'>matrimonium</span> <span class='ocrx_word' id='word_1_454' title='bbox 1830 5091 1976 5168; x_wconf 83' lang='lat' dir='ltr'>duxisse</span> <span class='ocrx_word' id='word_1_455' title='bbox 1995 5089 2161 5168; x_wconf 77' lang='lat' dir='ltr'>truditur:</span> <span class='ocrx_word' id='word_1_456' title='bbox 2182 5115 2218 5165; x_wconf 85' lang='grc'><strong>5.</strong></span> <span class='ocrx_word' id='word_1_457' title='bbox 2229 5089 2361 5167; x_wconf 87' lang='lat' dir='ltr'>Sueto-</span> 
     </span>
     <span class='ocr_line' id='line_1_39' title="bbox 376 5220 600 5298; baseline 0 0"><span class='ocrx_word' id='word_1_458' title='bbox 376 5220 458 5298; x_wconf 80' lang='lat' dir='ltr'>risus</span> <span class='ocrx_word' id='word_1_459' title='bbox 479 5245 514 5298; x_wconf 82' lang='grc'><strong>5.</strong></span> <span class='ocrx_word' id='word_1_460' title='bbox 535 5223 600 5298; x_wconf 76' lang='grc'><strong>12.</strong></span> 
     </span>
    </p>
   </div>
   <div class='ocr_carea' id='block_1_5' title="bbox 353 5426 2363 5760">
    <p class='ocr_par' dir='ltr' id='par_1_6' title="bbox 353 5426 2363 5760">
     <span class='ocr_line' id='line_1_40' title="bbox 353 5426 2363 5509; baseline -0.007 -11"><span class='ocrx_word' id='word_1_461' title='bbox 353 5443 359 5450; x_wconf 82' lang='grc'>’</span> <span class='ocrx_word' id='word_1_462' title='bbox 444 5441 724 5509; x_wconf 68' lang='lat' dir='ltr'>ueteranorum</span> <span class='ocrx_word' id='word_1_463' title='bbox 723 5437 958 5509; x_wconf 87' lang='lat' dir='ltr'>obiliomqrornm</span> <span class='ocrx_word' id='word_1_464' title='bbox 901 5431 1236 5506; x_wconf 76' lang='grc'><strong>1555555115,15551155</strong></span> <span class='ocrx_word' id='word_1_465' title='bbox 1212 5432 1281 5488; x_wconf 86' lang='grc'><strong>51515</strong></span> <span class='ocrx_word' id='word_1_466' title='bbox 1296 5433 1410 5490; x_wconf 70' lang='lat' dir='ltr'>ors-s</span> <span class='ocrx_word' id='word_1_467' title='bbox 1395 5449 1454 5505; x_wconf 83' lang='lat' dir='ltr'>s.qq</span> <span class='ocrx_word' id='word_1_468' title='bbox 1488 5431 1759 5502; x_wconf 69' lang='lat' dir='ltr'>Pmeomteriscioe</span> <span class='ocrx_word' id='word_1_469' title='bbox 1759 5426 2105 5487; x_wconf 82' lang='lat' dir='ltr'>ronemiataobvismltio</span> <span class='ocrx_word' id='word_1_470' title='bbox 2088 5441 2318 5498; x_wconf 82' lang='lat' dir='ltr'>osuapenaumso</span> <span class='ocrx_word' id='word_1_471' title='bbox 2286 5427 2363 5485; x_wconf 84' lang='lat' dir='ltr'>solli·</span> 
     </span>
     <span class='ocr_line' id='line_1_41' title="bbox 377 5508 2260 5604; baseline -0.009 -20"><span class='ocrx_word' id='word_1_472' title='bbox 377 5522 858 5604; x_wconf 68' lang='lat' dir='ltr'>vhmprooedendumllictatoriex</span> <span class='ocrx_word' id='word_1_473' title='bbox 839 5522 1045 5593; x_wconf 82' lang='lat' dir='ltr'>xHispsniars</span> <span class='ocrx_word' id='word_1_474' title='bbox 1014 5519 1212 5587; x_wconf 71' lang='grc'><strong>5555515515555</strong></span> <span class='ocrx_word' id='word_1_475' title='bbox 1227 5519 1423 5589; x_wconf 85' lang='lat' dir='ltr'>ue‚-crpul</span> <span class='ocrx_word' id='word_1_476' title='bbox 1396 5519 1591 5589; x_wconf 83' lang='lat' dir='ltr'>citumqueueteu</span> <span class='ocrx_word' id='word_1_477' title='bbox 1592 5520 1701 5575; x_wconf 76' lang='lat' dir='ltr'>earrbt</span> <span class='ocrx_word' id='word_1_478' title='bbox 1702 5515 1801 5572; x_wconf 86' lang='lat' dir='ltr'>Lib</span> <span class='ocrx_word' id='word_1_479' title='bbox 1819 5513 2038 5572; x_wconf 74' lang='lat' dir='ltr'>muretus</span> <span class='ocrx_word' id='word_1_480' title='bbox 2054 5508 2260 5583; x_wconf 61' lang='grc'><strong>1551011.</strong></span> 
     </span>
     <span class='ocr_line' id='line_1_42' title="bbox 380 5587 1959 5760; baseline -0.015 -88"><span class='ocrx_word' id='word_1_481' title='bbox 380 5558 1346 5675; x_wconf 48' lang='grc'><strong>515515511551555551155515555111115555</strong></span> <span class='ocrx_word' id='word_1_482' title='bbox 1933 5686 1959 5760; x_wconf 64' lang='lat'><em>8</em></span> 
     </span>
    </p>
   </div>
   <div class='ocr_carea' id='block_1_6' title="bbox 0 0 2868 6564">
    <p class='ocr_par' dir='ltr' id='par_1_7' title="bbox 0 0 2868 6564">
     <span class='ocr_line' id='line_1_43' title="bbox 0 0 2868 6564; baseline 0 0"><span class='ocrx_word' id='word_1_483' title='bbox 0 0 2868 6564; x_wconf 95' lang='lat' dir='ltr'><strong> </strong></span> 
     </span>
    </p>
   </div>
  </div>
 </body>
</html>
