5717 6575
504 636 556 715 ⁶0
1295 629 1525 704 excussos
1545 630 1713 706 snmus
1741 565 1748 575 ⁹

506 840 572 886 cum
593 840 630 885 ea
651 820 838 906 conjunctum
862 827 927 904 est,
945 820 995 909 jus
1017 821 1097 886 vitas
1119 841 1155 886 ac
1176 817 1269 886 necis.
1280 823 1323 901 ²²)
1366 818 1448 887 lliuc
1469 820 1559 886 etiam
1579 818 1780 911 intelligitur,
1810 820 1861 922 qui
1887 819 1999 888 factum
2020 818 2080 906 sit,
2108 828 2142 889 nt
2162 820 2320 913 Augustus
2367 823 2500 895 rimulae

504 906 601 971 victor
622 912 655 969 et
674 905 779 970 unicus
799 906 928 994 partium
948 904 1136 985 Julianarum
1157 904 1218 970 dux
1238 907 1271 970 in
1293 906 1404 972 Urbem
1427 927 1492 972 cum
1514 906 1684 995 legionibus
1715 906 1885 972 uictricibus
1911 928 2052 972 reversus
2075 917 2172 993 esset,
2200 910 2299 976 nollet
2316 873 2498 996 lmperoto·

504 994 550 1056 ais
570 988 690 1055 nomine
712 995 743 1054 et
764 991 940 1055 auctoritate
959 989 1137 1080 perdifficile
1158 1012 1258 1055 rerum
1279 989 1551 1056 constituendarum
1573 1012 1591 1057 ο
1612 1012 1647 1056 us
1669 1012 1710 1079 ag
1750 990 1815 1055 edi:
1844 1000 1950 1056 cuncta
1972 992 2051 1056 euim
2073 990 2228 1057 discordiis
2251 994 2387 1061 civilibus
2407 997 2499 1073 fessa

505 1075 626 1139 nomine
646 1072 802 1158 Principis
823 1076 878 1139 sub
898 1075 1053 1164 imperium
1075 1075 1205 1164 accepit,
1227 1081 1260 1141 ut
1281 1075 1326 1139 ait
1340 1075 1474 1140 Tacitus
1495 1074 1577 1142 Anu.
1629 1076 1686 1141 ibr.
1726 1126 1734 1143 .
1758 1097 1783 1143 c.
1807 1075 1836 1142 l.
1860 1083 1891 1140 et
1911 1074 1942 1142 a.
1964 1075 2000 1140 ld
2021 1097 2129 1141 nomeu
2153 1077 2260 1143 blande
2281 1078 2379 1146 fallax
2400 1088 2432 1145 et
2454 1100 2499 1150 ex

505 1158 620 1224 liberae
641 1159 823 1247 reipublicae
844 1159 1025 1249 temporibus
1046 1166 1208 1224 mutuatum
1229 1159 1297 1248 plus
1319 1157 1476 1247 diguitatis
1499 1181 1603 1246 quam·
1634 1161 1765 1226 otentiae
1793 1159 1984 1248 significabat
2010 1181 2135 1247 crarque
2162 1162 2194 1226 iu
2222 1162 2368 1231 bonorum
2397 1165 2498 1234 omlis

506 1242 582 1308 nibil
604 1243 781 1308 offensionis
802 1242 990 1310 habentibus.
1034 1242 1166 1309 Auctore
1187 1244 1289 1309 Dione
1312 1241 1421 1310 Cassio
1442 1243 1531 1311 Libr.
1553 1180 1642 1310 Llll.
1666 1266 1691 1311 c.
1716 1243 1762 1328 1.,
1784 1244 1953 1331 Augustus,
1975 1265 2040 1308 cum
2056 1243 2171 1310 Consul
2183 1244 2257 1332 vl,
2279 1268 2379 1313 assum
2400 1258 2430 1313 to
2444 1249 2496 1319 M.

506 1328 645 1476 quippa
666 1326 801 1415 collega,
823 1350 979 1394 censuram
1001 1335 1124 1415 ageret,
1147 1327 1294 1418 Princeps
1309 1326 1459 1410 Senatus,
1481 1327 1678 1417 Πρόκριτος
1698 1329 1755 1407 τῆς
1768 1349 1804 1412 γε
1845 1325 1957 1408 υσὶας,
1983 1330 2172 1394 renuntiatus
2194 1339 2242 1395 est
2262 1353 2290 1397 a
2307 1331 2347 1399 U.
2391 1332 2497 1403 ‚m

507 1432 535 1478 s.
601 1462 609 1477 .
652 1410 687 1475 ld
710 1430 796 1499 quum
818 1412 939 1500 antiquo
961 1433 1043 1478 more
1064 1413 1175 1477 lactum
1197 1434 1266 1478 esso
1286 1411 1456 1495 videretur,
1483 1414 1516 1477 iu
1545 1414 1602 1479 hoc
1630 1411 1715 1478 titulo
1745 1414 1801 1477 bau
1849 1414 1960 1478 invitus
1990 1435 2026 1477 ac
2047 1414 2139 1479 uievit
2158 1423 2231 1481 nota
2252 1437 2307 1482 sua
2328 1416 2498 1485 modestiae

506 1495 697 1561 simulatione
719 1497 820 1563 nescio
842 1497 937 1562 dicam
958 1519 997 1561 an
1018 1505 1098 1562 meto
1121 1496 1198 1581 odii,
1221 1505 1252 1563 et
1273 1496 1411 1562 lubenter
1431 1519 1466 1562 se
1486 1519 1541 1586 per
1563 1504 1655 1562 totam
1675 1498 1767 1564 uitam
1794 1518 1831 1562 eo
1859 1499 1979 1563 nomine
2005 1435 2131 1565 sallutari
2160 1500 2363 1590 appellarique
2383 1522 2497 1595 passm

508 1586 558 1645 est
577 1588 699 1668 accepto
716 1581 779 1667 jam
802 1578 909 1647 dudum
929 1582 1050 1647 nomine
1072 1602 1087 1646 s
1109 1582 1274 1649 leodidiore
1295 1582 1411 1668 sibique
1434 1582 1579 1668 gratiore.
1591 1583 1633 1666 ²⁸)
2412 1630 2415 1635 -

659 1665 738 1728 Nam
759 1666 904 1755 principio
927 1688 954 1732 a.
977 1665 1016 1733 U.
1029 1666 1066 1734 C.
1087 1603 1161 1733 127.
1183 1689 1208 1733 ε.
1230 1666 1298 1749 27,
1320 1687 1378 1754 quo
1398 1667 1465 1755 ipse
1487 1664 1558 1733 Vll.
1581 1686 1645 1729 cum
1666 1664 1711 1732 M.
1730 1665 1868 1814 quippa
1883 1666 1941 1733 lll.
1965 1665 2160 1733 Consulatum
2181 1669 2309 1754 inierat,
2330 1668 2362 1734 in
2375 1667 2497 1738 &antu

507 1747 612 1814 habuit
632 1747 799 1814 simulatam
820 1749 902 1815 illam
924 1752 1106 1834 orationem,
1138 1773 1196 1838 qua
1224 1772 1297 1840 prae
1326 1771 1360 1814 se
1389 1750 1508 1814 serebat
1534 1750 1658 1849 imperio
1688 1771 1722 1815 se
1751 1751 1953 1816 educaturum
1974 1773 2054 1819 esse.
2096 1752 2209 1817 Mimos
2229 1753 2301 1837 ille,
2322 1774 2409 1842 quem
2430 1764 2498 1823 tum

507 1850 602 1920 agere
623 1833 738 1921 coepit,
760 1855 824 1898 eam
844 1836 904 1899 vim
926 1835 1045 1917 habuit,
1067 1845 1100 1900 ut
1120 1835 1258 1925 precibus
1280 1834 1449 1923 compulsus
1472 1842 1504 1899 et
1522 1835 1633 1898 invitus
1654 1833 1807 1899 videretur
1821 1837 1990 1925 suscepisse
2004 1837 2122 1925 imperii
2137 1836 2279 1903 decennis
2294 1860 2380 1906 onus.
2424 1836 2497 1913 Quo

507 1916 629 2004 longius
650 1926 748 1982 autem
769 1917 923 1985 Romanos
945 1940 964 1984 a
983 1920 1073 2006 regni
1093 1921 1263 2009 suspicione
1284 1917 1465 2002 obduceret,
1487 1918 1580 1984 multa
1602 1918 1638 1983 de
1659 1919 1820 2009 prouinciis
1842 1941 1908 1984 cum
1936 1920 2052 1986 Senatu
2085 1921 2335 1987 communicandis
2362 1923 2414 1987 a‘'
2455 1944 2497 1989 ne

505 2001 598 2066 rebus
620 2001 835 2068 constituendis
856 2002 1008 2092 pollicitus
1029 2005 1140 2083 luerat,
1163 2004 1199 2069 de
1222 2004 1326 2091 quibus
1349 2004 1469 2090 copiose
1490 2003 1551 2069 llio
1574 2001 1662 2069 Cass.
1683 2003 1770 2068 Libr.
1792 2003 1881 2069 Llll.
1912 2026 1937 2070 c.
1961 2004 2002 2070 12
2023 2026 2088 2110 sqq.
2111 2006 2176 2092 agit
2196 2012 2228 2070 et
2248 2028 2274 2073 c.
2298 2006 2348 2075 lb.
2370 2017 2496 2106 pergit:

506 2083 578 2150 ἐπεὶ
598 2083 634 2148 δὲ
656 2086 784 2172 καὶτῷ
805 2083 891 2177 ἔργῳ
913 2082 1004 2152 adad
1025 2085 1233 2162 ἐπετέλεσεν,
1253 2078 1341 2152 οὕτω
1362 2085 1405 2164 δυ’
1430 2086 1488 2151 καὶ
1510 2083 1550 2150 w*
1571 2086 1633 2151 τοῦ
1653 2085 1856 2169 Αὐγούστου
1875 2082 1984 2172 ὄνομα
2006 2109 2065 2152 και
2085 2085 2179 2174 παρὰ
2203 2090 2262 2169 τῆς
2287 2088 2414 2174 βουλης
2435 2089 2498 2155 καλ

507 2167 602 2256 πυροὶ
622 2170 682 2235 τοῦ
702 2167 810 2254 δήμου
832 2171 989 2236 ἐπέθετο.
1032 2170 1291 2250 Rosolodiacus
1311 2169 1377 2256 γαρ
1400 2170 1496 2257 σφῶν
1517 2165 1610 2245 ἰδίως
1630 2192 1700 2245 ποις
1720 2167 1828 2237 αὐτόν
1848 2177 2059 2257 προσειπεῖν,
2088 2172 2234 2239 καὶτῶν
2282 2177 2317 2240 ἐν
2336 2175 2397 2256 τὸ,
2424 2176 2497 2242 τοῖν

508 2252 546 2320 dd
568 2249 607 2318 τό
629 2253 689 2318 καὶ
709 2253 937 2357 ἰσημουμὲνῳυ
959 2254 1019 2319 καὶ
1039 2254 1260 2342 αἱρουμένων,
1282 2251 1301 2320 ὁ
1323 2253 1462 2338 Καῖσαρ
1482 2253 1650 2338 ἐπεθύμει
1670 2256 1732 2339 μὲν
1752 2250 1890 2358 ἰσχυρῶς
1901 2254 2064 2340 Ῥωμύλος
2082 2256 2343 2341 ὀνομασθηναι·
2364 2255 2498 2325 αἰσθό-

506 2358 607 2421 μενος
629 2340 664 2406 δὲ
685 2331 737 2404 b'rs
758 2362 984 2406 υποπτευεται
1002 2339 1040 2404 ἐκ
1061 2336 1185 2406 τούτου
1206 2341 1267 2418 τῆς
1286 2336 1463 2424 βασιλείας
1482 2338 1683 2423 ἐπιθυμεῖν,
1710 2335 1821 2405 uniuer'
1840 2336 1943 2406 αὐτοῦ
1963 2338 2226 2420 ἀντεποιήσατο,
2247 2340 2338 2407 otto
2359 2338 2498 2426 Αὔγου-

508 2442 599 2500 στος,
623 2412 666 2498 ὡς
687 2424 747 2486 καὶ
768 2422 885 2490 πλεῖόν
904 2447 940 2490 τι
958 2417 983 2505 οἳ
1004 2422 1095 2488 κατὰ
1114 2415 1319 2512 ἀνθρώπους
1338 2420 1403 2498 ὢν,
1424 2419 1612 2503 ἐπεκλήθη.
1655 2422 1779 2488 Πάντα
1799 2422 1866 2512 yolo
1888 2423 1933 2488 τοὶ
1952 2422 2159 2509 ἐντιμότατα
2183 2422 2498 2512 astruendum,

508 2501 681 2591 οιῦγουστα
711 2504 1004 2594 προσαγορεύεται.
1045 2503 1097 2586 Ἐξ
1124 2500 1228 2594 οὗπερ
1257 2508 1317 2574 καὶ
1342 2506 1520 2591 Σεβαστὸν
1547 2504 1654 2574 αὐτόν
1680 2507 1737 2571 καὶ
1763 2504 1995 2588 ἑλληνίζοντες
2023 2531 2108 2588 πως,
2137 2504 2248 2596 ὥσπερ
2271 2511 2347 2577 τινὰ
2366 2509 2498 2577 σεπτὸν

508 2588 581 2654 οἱπὸ
603 2586 663 2656 τοῦ
683 2589 921 2675 σεβάζεσθαι,
941 2595 1134 2680 προσεῖπον.
1173 2593 1312 2681 Vellejus
1339 2593 1517 2658 Paterculus
1545 2594 1633 2660 Libr.
1662 2593 1704 2660 Il.
1732 2615 1757 2660 c.
1778 2592 1838 2664 sl.
1859 2593 1887 2678 ᾗ.
1918 2593 1947 2661 l.
1973 2603 2094 2677 narrat,
2122 2596 2255 2677 Attqasti
2274 2617 2443 2683 cognomen
2464 2596 2497 2663 ei

507 2674 617 2741 Planci
638 2679 788 2742 sententia
809 2687 839 2743 et
860 2700 1008 2745 consensu
1028 2679 1162 2745 universi
1182 2678 1314 2745 Senatus
1335 2677 1382 2743 Po
1403 2676 1502 2764 ulique
1523 2677 1655 2744 Romani
1681 2676 1806 2742 inditum
1835 2699 1912 2744 esse.
1956 2676 2104 2751 Quocum·
2120 2679 2194 2744 facit
2214 2679 2378 2746 Suetonius
2400 2701 2428 2747 c.
2449 2678 2496 2767 7.,

509 2759 560 2845 qui
580 2758 679 2857 addit:
707 2783 843 2848 „quum,
865 2762 1038 2849 quibusdam
1058 2763 1266 2839 censentibus,
1286 2699 1448 2828 Romulum
1461 2761 1607 2850 appellari
1628 2769 1785 2851 oportere,
1806 2762 1893 2848 quasi
1914 2769 1945 2827 et
1958 2763 2054 2852 ipsum
2069 2763 2252 2829 conditorem
2272 2763 2383 2846 Urbis,
2403 2784 2497 2855 prae·

509 2843 670 2927 valuisset,
691 2857 725 2910 ut
746 2847 902 2933 Augustus
922 2849 1022 2936 potius
1044 2855 1214 2930 vacuetur,
1235 2869 1298 2913 non
1319 2853 1433 2911 tantum
1455 2868 1549 2929 novo,
1571 2843 1625 2911 sed
1647 2846 1735 2911 etiam
1758 2846 1901 2996 ampliore
1923 2847 2186 2935 cognomius.“²*)
2227 2846 2278 2912 De
2306 2869 2403 2930 auno,
2432 2868 2496 2936 qno

508 2926 541 2994 id
561 2928 594 2993 in
615 2929 730 2995 Senatu
752 2941 849 2996 actum
871 2938 938 3014 est,
961 2954 1026 2998 oum
1046 2931 1148 2999 Dione
1170 2933 1320 2996 consentit
1341 2929 1526 2996 Censorinus
1550 2929 1587 2996 de
1608 2931 1648 2996 D.
1669 2931 1709 2996 N.
1732 2953 1757 2996 c.
1779 2932 1801 2995 2
1823 2982 1830 2996 .
1852 2929 1881 3014 5.
1901 2928 1949 2996 8st
1976 2953 2044 3014 „ex
2065 2937 2135 2997 ante
2157 2931 2234 2996 diem
2255 2929 2400 2997 decimum
2422 2953 2496 2999 sex·

509 3017 571 3077 tum
593 3012 666 3080 Kal.
688 3014 848 3080 Februarii
869 3015 1037 3105 Imperator
1057 3014 1174 3083 Caesam
1193 3015 1235 3081 D.
1256 3014 1314 3095 R,
1338 3014 1489 3078 sententia
1509 3014 1549 3080 L.
1571 3014 1703 3079 Munatii
1725 3014 1850 3097 Planci,
1879 3036 1898 3079 a
1920 3014 2035 3080 Senatu
2064 3015 2231 3115 ceterisque
2252 3015 2364 3081 civibus
2384 3014 2496 3104 Augu·

509 3103 575 3163 stus
598 3097 764 3187 appellatus
786 3108 850 3181 est,
872 3121 906 3165 se
928 3099 999 3170 Vll.
1021 3107 1053 3166 et
1072 3100 1118 3167 M.
1130 3100 1169 3171 Vi
1191 3099 1278 3165 sanie
1289 3099 1368 3186 Agri
1388 3120 1426 3188 pa
1448 3097 1506 3163 111.
1537 3096 1666 3182 Coss.“;
1701 3092 1738 3164 de
1763 3098 1812 3164 die
1839 3107 1938 3164 autem
1960 3100 2069 3187 ingens
2091 3107 2139 3163 est
2160 3099 2324 3166 dissensus.
2347 3099 2496 3167 Censori·

509 3201 566 3246 nus
588 3184 673 3281 ponit
693 3183 721 3250 d.
745 3182 793 3249 17.
815 3183 963 3251 Jannarii.
1007 3183 1131 3251 Ovidius
1175 3190 1233 3252 ast.
1253 3183 1341 3251 Libr.
1362 3120 1389 3252 1
1410 3205 1439 3251 v.
1460 3180 1532 3250 597.
1555 3183 1656 3272 alligit
1674 3182 1787 3250 Idubns
1801 3182 1956 3252 Jannariis
1977 3184 2007 3251 b.
2029 3205 2057 3251 e.
2080 3183 2139 3249 diei
2161 3183 2211 3251 13.
2224 3183 2381 3270 lanuarb,
2402 3206 2496 3276 quun

509 3262 639 3333 Caesam
659 3265 838 3337 Germanico
859 3269 980 3338 scribit:

1067 3356 1176 3426 Idibus
1196 3358 1232 3423 ιἰι
1250 3356 1359 3441 παραυ·
1379 3353 1593 3422 coaestuet
1613 3356 1688 3422 aede
1708 3357 1853 3424 sacerdos

1118 3440 1297 3508 Strumosis
1316 3443 1450 3527 fiammis
1469 3444 1590 3508 οἱειιτα
1610 3444 1684 3506 libat
1705 3443 1787 3508 ouis:

1066 3524 1260 3611 Reddituquc
1281 3536 1326 3592 est
1347 3530 1447 3590 omnis
1465 3527 1583 3609 popolo
1601 3527 1766 3608 prouincia
1786 3531 1907 3599 nostro,

1117 3610 1161 3677 Et
1182 3620 1256 3676 tous
1276 3609 1416 3692 Aoqosto
1436 3612 1563 3676 osomiae
1583 3612 1683 3677 diuus
1704 3628 1795 3675 cous.
2180 3630 2182 3634 ’

432 3725 435 3730 ’
509 3707 636 3777 Orosius
657 3707 745 3779 Libr.
765 3708 821 3781 vl.
844 3731 870 3777 ο.
890 3708 943 3778 2⁰.
963 3710 1061 3777 refert
1081 3707 1120 3779 ad
1141 3708 1170 3778 d.
1191 3708 1280 3781 vill.
1301 3708 1374 3776 Idus
1395 3710 1558 3777 Januarias
1580 3710 1611 3779 h.
1633 3732 1659 3778 e.
1683 3709 1713 3779 d.
1734 3709 1765 3777 6.
1785 3708 1936 3778 Januarii.
1980 3705 2096 3777 Contra
2121 3708 2154 3776 in
2175 3708 2278 3777 tabula
2297 3710 2398 3778 votiva
2419 3731 2496 3780 arae

507 3792 649 3884 Augusta
671 3817 698 3862 a.
722 3796 760 3863 U.
783 3793 820 3863 C.
840 3793 914 3862 764.
935 3816 961 3862 s.
982 3803 1053 3884 post
1073 3794 1146 3863 Chr.
1168 3816 1200 3862 n.
1222 3795 1272 3862 ll.
1293 3795 1437 3862 Narbone
1458 3797 1592 3885 positae,
1614 3817 1690 3883 quae
1711 3804 1760 3860 est
1779 3817 1826 3885 ap.
1849 3795 2008 3861 Gruterum
2051 3793 2259 3876 .CCXX1X,
2280 3804 2312 3862 et
2332 3818 2350 3860 a
2371 3847 2380 3863 .
2402 3795 2495 3863 Orel-

507 3875 582 3947 lium
602 3879 754 3969 Inscriptt.
775 3881 815 3949 N.
835 3878 930 3947 2489.
952 3880 1023 3951 Vol.
1037 3880 1063 3947 I.
1084 3900 1113 3969 p.
1127 3877 1226 3976 aaa,
1242 3877 1348 3947 dies7.
1363 3879 1503 3947 Jauuauii
1524 3881 1571 3946 luis
1593 3881 1692 3946 verbis
1712 3879 1867 3968 signatur:
1888 3878 1990 3963 „vla
2005 3815 2177 3952 aboena
2192 3878 2294 3948 lDUS
2308 3878 2495 3951 JAn'UAR.

576 4046 783 4133 22)1deml)io
801 4065 911 4121 cassim
927 4082 1007 4137 quum
1022 4064 1097 4121 Libr.
1119 4064 1188 4121 Lm.
1203 4082 1228 4121 o.
1244 4066 1287 4121 17.
1304 4064 1384 4133 dicit,
1407 4066 1480 4120 Cae-
1519 4065 1614 4119 Horat.
1638 4081 1664 4134 p.
1681 4062 1733 4117 214
1756 4080 1814 4133 sqq.
1836 4070 1864 4118 et
1884 4044 1993 4118 Dsoerii
2014 4063 2139 4133 mma
2162 4065 2181 4117 b
2202 4065 2230 4118 lo
2255 4065 2375 4136 Critiqss
2395 4065 2430 4120 de
2450 4065 2495 4122 Ι.

509 4147 585 4188 sares
608 4149 641 4186 eo
663 4133 837 4202 praenomine
857 4148 922 4214 usos
944 4149 1004 4187 esse
1027 4134 1097 4200 node
1117 4128 1238 4200 δήλωσιν
1254 4136 1302 4197 τῆς
1314 4132 1480 4212 ἀὐτοτελοῦς
1524 4134 1637 4185 asason
1650 4132 1679 4184 in
1695 4133 1766 4201 opp.
1784 4134 1880 4187 Horat
1897 4134 1957 4187 Vol.
1974 4135 1993 4186 1.
2030 4173 2037 4188 .
2055 4134 2211 4188 leo-les

510 4202 595 4322 spois
617 4198 750 4260 ἔξουσίας·
763 4197 828 4281 ἀντὶ
850 4217 898 4264 της
919 4204 969 4254 τοῦ
985 4203 1119 4321 papauere
1133 4200 1182 4254 τοῦ
1189 4199 1409 4322 ,τευδοιτρτυρος
1419 4198 1480 4253 luc·
1519 4266 1544 4321 A
1587 4198 1634 4267 21)
1644 4200 1778 4320 TSepathqn
1794 4201 1879 4320 sollum
1897 4216 1930 4255 eo
1947 4195 2359 4321 nommecomqqqpuoratipsein
2370 4198 2496 4282 Menan.

509 4270 1479 4392 amttam..
1520 4282 1713 4416 aena:
1729 4269 2446 4398 Μαρνυ

511 4405 774 4460 Casuellanum
793 4420 835 4457 ue.
866 4405 937 4458 Nam
951 4411 1078 4474 potestas,
1094 4421 1163 4473 quas
1174 4406 1290 4459 camillo
1302 4407 1480 4459 Praenounue
1521 4409 1574 4456 torr
1590 4409 1618 4455 et
1633 4420 1748 4456 maxumo
1762 4405 1922 4456 adulationis
1939 4405 2034 4457 artifici
2050 4406 2145 4484 procul
2162 4404 2243 4456 dnbio
2260 4404 2414 4457 nolnutulla
2426 4419 2493 4470 gra·

510 4473 653 4540 conjuncta
668 4477 741 4538 erat,
757 4421 825 4525 alluit
840 4470 984 4541 quidquam
1000 4488 1139 4526 commune
1155 4471 1271 4526 babebat
1287 4489 1346 4527 cum
1363 4472 1479 4540 Imperio
1521 4471 1558 4524 tia
1575 4470 1716 4524 obstrictus
1731 4471 1826 4524 videri·
1860 4471 1902 4523 De
1918 4470 1970 4526 isto
1987 4471 2094 4525 homine
2111 4471 2231 4537 graviter
2246 4487 2279 4523 ac
2294 4469 2399 4524 sineere
2416 4470 2496 4539 jndi-

509 4553 620 4608 τοςαιυ,
637 4539 735 4592 nedum
752 4555 812 4593 cnm
828 4539 983 4609 Dictatore,
999 4545 1029 4594 ut
1046 4546 1123 4595 acute
1140 4540 1232 4595 docuit
1248 4538 1400 4596 Huscbkius
1417 4540 1480 4595 libr.
1520 4538 1593 4594 cavit
1607 4539 1775 4619 lirumqnnus
1792 4538 1820 4591 in
1835 4539 1906 4592 Hist.
1923 4540 2000 4594 Rom.
2017 4541 2078 4593 Vol.
2095 4541 2140 4594 lv.
2176 4539 2309 4619 ,Μαῖα
2332 4538 2495 4619 lmcqiptio-

511 4606 727 4701 ...eu
1519 4556 2495 4730 aarum.sermentato-uum

579 4740 625 4800 2³)
641 4742 672 4795 ld
688 4740 753 4796 mihi
769 4741 865 4799 ridear
880 4743 1010 4813 colligere
1025 4759 1106 4813 posse
1121 4760 1156 4798 ex
1173 4742 1280 4798 Horatii
1296 4741 1371 4796 amr.
1386 4742 1408 4796 i.
1426 4741 1479 4797 0d.
1519 4692 1662 4796 CaetePum
1683 4692 2182 4822 intuemurque.oob⁵uantpb'oooo,
2199 4744 2246 4795 sed
2261 4712 2342 4822 αἶσα
2353 4691 2495 4812 {leptim

509 4807 538 4866 2.
551 4826 580 4866 v.
602 4810 658 4865 ab:
684 4812 761 4873 „Hic
777 4827 850 4864 ααιει
866 4813 919 4865 dici
936 4815 1018 4866 Pater
1033 4820 1112 4879 atque
1129 4813 1296 4879 mosem
1322 4812 1375 4864 0d.
1390 4812 1433 4865 21.
1450 4826 1478 4866 v.
1518 4811 1670 4876 τοραοπίιιε
1686 4810 1787 4878 aliquid
1803 4816 1861 4862 ritui
1877 4810 1961 4862 latere
1981 4817 2131 4880 suspicatur
2152 4809 2371 4891 Oudendorprns,
2389 4810 2495 4879 patin

511 4876 567 4933 ld:
583 4894 628 4943 „o
642 4879 738 4948 populu
755 4887 781 4931 et
798 4881 922 4948 Μπείρτ
941 4881 1096 4933 οοττοτιι“
1113 4882 1147 4933 cl.
1167 4880 1241 4933 Libr.
1258 4880 1291 4931 11.
1306 4879 1393 4947 Epist.
1409 4879 1434 4932 1.
1451 4893 1478 4933 r.
1517 4877 1641 4930 lectiam·
1656 4877 1685 4930 in
1700 4892 1727 4933 τ.
1739 4884 1843 4931 tostum
1854 4877 2033 4946 discrepantia
2050 4877 2193 4943 adductus,
2214 4883 2312 4946 parturn
2324 4891 2387 4945 qma
2403 4891 2422 4930 a
2437 4891 2495 4930 no·

510 4947 619 5003 856.-
633 4948 721 5015 Atque
738 4945 851 4999 Ovidius
867 4948 941 5001 Fsst
957 4947 1032 5002 Libr.
1048 4948 1081 5003 11.
1098 4963 1125 5000 τ.
1143 4948 1202 5001 141.
1218 4947 1362 5015 alloquitur
1378 4947 1479 5000 Romu·
1519 4945 1598 4998 minis
1614 4943 1732 4998 nodtats
1747 4960 1824 4997 nemo
1841 4951 1960 4998 veterum
1976 4945 2006 4998 id
2021 4960 2170 5012 nonomen
2178 4942 2413 4999 commendaverit.
2445 4943 2495 5000 Ex

510 5017 567 5072 lana
583 5030 644 5069 cum
658 5015 779 5081 Angusto
795 5014 983 5084 compositum:
1036 5040 1042 5052 ·
1520 5012 1604 5067 Editt.
1625 5013 1738 5066 Roman.
1761 5014 1866 5065 exsulat
1886 5029 1912 5064 v.
1930 5014 2090 5081 mosamius.-
2122 5012 2187 5065 luds
2209 5012 2324 5079 conjecit
2344 5010 2495 5078 laundun

643 5116 691 5172 Ῡιτ
708 5113 759 5169 tibi
772 5123 853 5183 ραιιε
868 5116 942 5184 fois,
957 5116 1054 5181 pomp
1070 5115 1120 5171 „a
1139 5117 1253 5170 cmm
1269 5116 1354 5184 ψ,
1520 5095 1595 5133 ease:
1616 5081 1821 5148 praevaluisset,
1844 5088 1876 5133 st
1891 5080 1923 5134 A.
1939 5082 2030 5148 potiar
2052 5088 2192 5133 uocaretur
2208 5082 2313 5132 suntne
2333 5094 2419 5143 πονο,
2440 5080 2497 5134 ενδ

693 5184 738 5237 ν
751 5182 862 5237 νυν
877 5200 986 5249 om,
1008 5186 1142 5253 samaa
1159 5186 1205 5238 ‘¹¹‘
1220 5192 1299 5239 ...a
1522 5148 1753 5282 {limbi
1763 5149 1821 5285 tt
1839 5150 2000 5282 attuit,
2013 5147 2496 5281 ’1111111111Ἶὲ

513 5287 583 5343 llam
599 5285 633 5341 ab
656 5285 716 5355 ipso
733 5285 868 5353 Angusto,
891 5301 970 5355 quem
987 5285 1102 5339 uidimus
1120 5286 1153 5339 ab
1170 5285 1246 5339 initio
1264 5285 1414 5352 &incipero
1430 5286 1480 5337 Se·
1521 5285 1644 5336 eubulum
1666 5286 1814 5351 τορποαιίαε
1834 5284 2005 5351 flagitatura
2027 5299 2070 5336 vv.
2093 5284 2207 5350 Aequora·
2225 5298 2362 5363 coquentes
2378 5296 2496 5337 uun·

512 5363 594 5409 mar
611 5355 720 5423 antiqua
735 5353 932 5420 significatione
949 5355 1110 5433 appellatum
1128 5369 1202 5421 esse,
1220 5353 1327 5433 nomina
1345 5354 1478 5420 Priudpie
1520 5354 1588 5419 psit,
1607 5357 1636 5405 et
1658 5350 1709 5404 hoc
1725 5367 1873 5432 cqgnomen
1891 5368 1988 5404 socam
2005 5356 2064 5403 erat
2080 5349 2106 5430 ¹¹:
2122 5368 2147 5402 e.
2165 5364 2183 5403 a
2199 5366 2304 5430 nemuqe
2315 5356 2384 5431 'ante
2394 5351 2496 5432 Aptu-

512 5426 542 5477 el
556 5424 727 5490 melpum
742 5422 782 5475 ita
795 5421 850 5488 jam
866 5437 988 5491 usurpari
1005 5426 1102 5488 coepta
1118 5428 1187 5486 sunt,
1203 5428 1233 5478 ot
1249 5421 1313 5473 allud
1328 5436 1479 5491 opponere·
1520 5426 1589 5472 atum
1606 5427 1723 5487 gestum,
1745 5426 1909 5485 incognitum
1926 5418 2013 5471 adhuc
2030 5419 2153 5484 gentibus
2169 5419 2395 5487 Romanumque
2411 5419 2496 5476 mul

512 5488 713 5571 tnr'rrqiqboo
779 5503 823 5570 'or
839 5488 875 5543 cl.
892 5490 1003 5544 Sueten.
1020 5488 1109 5569 Calig·
1128 5505 1149 5541 c.
1163 5490 1205 5541 22.
1224 5495 1251 5568 qt
1267 5493 1375 5567 praeter
1391 5491 1433 5570 ln·
1452 5505 1478 5556 p.
1520 5489 1633 5541 caeteris
1650 5487 1790 5568 amplius..
1805 5485 1908 5568 Quodsi
1925 5502 1983 5566 νοτ
2001 5494 2108 5567 rustam
2127 5492 2314 5607 suspeotaest¹
2326 5485 2497 5611 eodm

510 5556 1477 5696 adultaetd·a¹uftltt⁰¹1t.-²l.l¹at:.tt⁸a¹tt
1517 5552 2298 5695 astatium*”²¹⁰”'¹’³¹“¹¹¹‘⁰¹¹'‘⁰'²⁶·⁴¹'²⁴¹⁰⁰
2314 5568 2365 5625 ⁹⁵⁰
