5717 6575
982 600 1557 707 rnanmm‚rrscrs'nn1sse
1580 622 1768 705 sununs.
2322 629 2373 707 ιι

332 876 353 889 .
368 813 480 902 erat,
504 830 548 882 ao
566 803 765 882 simrdandc
789 802 963 907 utrimque
980 804 1305 908 dissimulandoqnc
1338 810 1591 911 conglutinata.
1641 811 1734 888 Hinc
1767 811 1873 886 aliter
1903 809 1979 886 lieri
2010 837 2080 887 non
2103 817 2241 912 poterat
2266 835 2375 913 ιῙιιιιιι

367 934 439 1022 ιιι,
466 927 694 1027 simulatque
718 927 890 1000 alteruter
912 924 973 1020 id,
996 925 1089 1027 quod
1113 928 1287 1023 voluerat,
1314 936 1520 1004 consecutus
1546 938 1661 1025 asset,
1689 955 1731 1005 ea
1754 955 1827 1004 non
1844 929 2085 1027 dissueretur,
2111 928 2176 1004 sed
2196 929 2377 1006 discinde·

366 1054 494 1121 retum
539 1044 622 1122 Jaru
643 1045 685 1117 in
709 1051 782 1117 tam
804 1045 941 1144 ancipiti
960 1045 1143 1145 utriusque
1168 1071 1289 1120 rerum
1313 1045 1517 1123 conditione
1540 1049 1656 1122 neutri
1678 1074 1794 1149 neque
1815 1049 1976 1122 voluntas
2001 1076 2082 1125 esse
2106 1057 2245 1149 poterat
2258 1072 2376 1150 neque

371 1164 495 1239 otium
515 1160 758 1238 communibus
782 1161 922 1238 vivendi
947 1161 1090 1241 studiis.
1141 1163 1264 1239 Cicero
1288 1165 1368 1265 ipse
1393 1165 1514 1241 scribit
1535 1166 1666 1243 Planco
1690 1165 1735 1240 ad
1755 1169 1895 1242 Divers.
1921 1165 2022 1242 Libr.
2039 1169 2089 1242 X.
2113 1166 2183 1269 Ep.
2204 1172 2240 1243 l.
2265 1169 2299 1265 ἕ.
2324 1172 2373 1264 1.,

373 1308 441 1376 se,
464 1306 513 1357 ex
538 1306 606 1382 quo
631 1279 675 1356 de
698 1298 763 1357 suo
787 1281 825 1356 in
848 1280 1033 1359 Graeciam
1058 1306 1164 1357 cursu
1185 1282 1403 1382 reipublicae
1424 1309 1511 1360 voce
1535 1293 1718 1365 revocatus
1740 1293 1854 1380 esset,
1881 1309 2072 1387 numquam
2098 1311 2162 1385 per
2183 1284 2235 1359 Id
2257 1286 2376 1360 Anto·

375 1401 484 1493 nium
504 1402 665 1501 quietum
688 1400 813 1475 luisse.
862 1399 984 1500 Atque
998 1392 1185 1501 Augustus
1206 1400 1317 1503 probe
1340 1404 1555 1505 intelligens,
1581 1427 1654 1477 non
1678 1412 1751 1478 tarn
1774 1403 1892 1479 verbis
1919 1429 2027 1504 quam
2049 1404 2157 1478 armis
2182 1428 2271 1505 opus
2292 1428 2375 1479 essa

380 1517 431 1595 cd
456 1518 751 1619 compescendam
774 1516 971 1594 adversarii
991 1519 1216 1619 superbiam,
1237 1527 1332 1595 totus
1358 1528 1436 1595 erat
1459 1522 1579 1620 primis
1603 1521 1708 1596 istius
1731 1522 1910 1597 societatis
1935 1521 2116 1597 mensibus
2134 1521 2172 1595 in
2186 1529 2375 1596 veterano·

380 1664 464 1715 rum
485 1640 644 1713 exercitu
668 1637 902 1738 comparando
927 1639 1020 1714 etin
1040 1636 1216 1713 finnanda
1240 1664 1307 1712 sua
1333 1647 1454 1713 contra
1474 1641 1575 1713 illum
1597 1640 1770 1740 potentia,
1793 1639 1844 1715 ita
1865 1647 1903 1714 ut
1919 1640 2159 1715 severioribus
2179 1639 2374 1715 litterarrnu

381 1756 510 1833 studiis
532 1756 597 1831 rix
621 1759 727 1831 ultam
749 1782 880 1831 navare
905 1766 1027 1857 posset
1051 1782 1211 1857 operam.
1261 1757 1318 1831 De
1344 1782 1434 1832 anno
1461 1758 1507 1834 U.
1524 1758 1564 1835 C.
1576 1764 1665 1837 711.
1691 1786 1722 1834 s.
1738 1765 1803 1835 43.
1823 1785 1894 1835 non
1924 1759 2097 1861 estquod
2122 1758 2252 1857 dicam,
2270 1783 2375 1860 quem

381 1878 512 1953 alimus
533 1875 730 1949 maximam
747 1886 887 1975 partem
912 1877 949 1950 iu
973 1876 1100 1951 Martis
1124 1876 1245 1975 potius
1269 1900 1379 1977 quam
1402 1876 1585 1951 Musarum
1611 1879 1740 1952 castris
1765 1878 1810 1951 ab
1835 1904 1877 1952 eo
1902 1886 2112 1953 transactum
2138 1902 2230 1953 esse.
2280 1875 2375 1955 Nam

382 2020 491 2097 quum
512 1993 701 2071 Suetonius
724 2020 757 2071 c.
783 2000 846 2071 84.
871 1995 1007 2090 refert,
1032 1994 1231 2096 Augustum
1254 1994 1446 2071 Mutinensi
1467 1994 1557 2069 bello
1579 1997 1616 2070 in
1637 2004 1731 2070 tanta
1755 1998 1849 2070 mole
1869 2021 1990 2070 rerum
2013 2004 2049 2071 et
2070 1996 2202 2097 legisse
2225 2002 2259 2070 et
2281 1994 2374 2071 scri·

378 2115 497 2213 psisse
518 2120 554 2188 et
576 2111 735 2213 quotidie
761 2112 990 2209 declamasse,
1015 2121 1140 2213 sponte
1162 2114 1387 2214 intelligitur,
1413 2112 1451 2186 id
1473 2112 1709 2213 accipiendum
1734 2138 1816 2188 essa
1840 2113 1886 2189 de
1908 2116 1966 2189 illo
1984 2115 2213 2215 potissimum
2233 2120 2373 2214 tempo·

382 2232 433 2306 ris
455 2232 583 2331 spatio,
608 2257 681 2332 quo
703 2233 863 2333 primurn
882 2234 1019 2308 Arretii
1041 2233 1081 2307 in
1103 2231 1302 2334 colligendis
1331 2232 1516 2325 veteranis,
1542 2229 1673 2307 deinde
1695 2231 1837 2335 Spoleti
1859 2236 1957 2309 solus
1988 2242 2022 2309 et
2046 2235 2155 2333 paulo
2185 2240 2269 2332 post
2290 2257 2372 2307 cunr

295 2364 303 2383 '
379 2350 498 2427 Ilirtio
524 2350 678 2427 Consule
700 2355 928 2451 conjunctus,
963 2352 1088 2450 positis
1125 2350 1173 2426 ad
1200 2351 1336 2427 Forum
1368 2351 1573 2426 Cornelium
1596 2352 1741 2445 castris,
1769 2352 1969 2446 hiemabat,
2002 2360 2187 2452 antequam
2208 2350 2370 2449 Mutinae

379 2478 496 2545 matra
518 2468 853 2567 admoverentur77).
902 2469 1013 2570 Atqui
1031 2470 1120 2545 haec
1141 2471 1223 2569 ipsa
1242 2468 1361 2545 studia
1387 2475 1465 2569 ejus
1488 2474 1679 2546 castrensia
1695 2469 1903 2547 docmnento
1922 2478 2025 2567 sunt,
2052 2495 2121 2571 qno
2141 2468 2252 2542 fuerit
2268 2493 2371 2541 man-

379 2590 574 2665 suetiorum
598 2588 797 2664 studiorum
820 2612 964 2684 amore,
991 2599 1027 2662 et
1052 2614 1159 2689 quam
1179 2614 1307 2689 parurn
1330 2588 1497 2664 credibile
1519 2591 1585 2683 sit,
1610 2615 1692 2663 eum
1712 2589 1906 2690 Apollonia
1919 2615 2101 2664 reversum
2118 2588 2269 2663 aestivos
2288 2582 2371 2661 anni

379 2708 428 2783 U.
454 2707 499 2783 C.
521 2710 610 2785 710.
631 2732 663 2784 s.
683 2712 745 2783 44.
770 2732 909 2783 menses
933 2708 1012 2783 sine
1035 2710 1108 2784 ullo
1131 2733 1214 2783 cum
1238 2708 1358 2785 blesis
1394 2708 1600 2783 commercio
1624 2708 1761 2783 Romae
1786 2707 1935 2810 degisse.
1987 2704 2094 2781 Haud
2117 2705 2227 2780 dubie
2250 2704 2371 2779 rlreto·
2454 2698 2460 2708 ’

378 2826 478 2901 ribus
499 2825 638 2901 Latinis
659 2835 694 2901 et
724 2826 868 2902 Graecis
896 2851 1040 2927 operam
1065 2825 1226 2902 deditae
1250 2851 1317 2926 pro
1341 2851 1402 2922 eo,
1426 2852 1498 2927 quo
1514 2852 1536 2900 a
1554 2828 1682 2900 teneris
1702 2825 1886 2928 flagrabat,
1910 2827 2109 2900 litterarum
2122 2821 2240 2900 studio
2256 2825 2368 2899 multa

377 2945 510 3045 legisse
528 2946 710 3045 multaque
736 2946 918 3045 scripsisse
943 2945 1118 3045 putendus
1143 2954 1210 3022 est.
1259 2945 1359 3020 Inter
1388 2943 1579 3020 domestica
1601 2950 1719 3018 autem
1746 2948 1825 3043 ejus
1850 2944 1971 3019 studia
1994 2945 2150 3043 itemque
2173 2940 2365 3015 castrensia

380 3059 534 3137 dubitari
557 3090 630 3137 non
654 3071 771 3163 potest
792 3064 879 3165 quin
899 3063 1032 3139 suerint
1048 3066 1153 3139 etiam
1169 3064 1348 3139 Ciceronis
1366 3064 1517 3164 scripta,
1543 3063 1705 3162 inprimis¹
1720 3065 1913 3157 orationes,
1939 3087 2026 3163 quas
2039 3067 2161 3134 notum
2173 3069 2225 3134 est
2241 3082 2367 3143 exem·

378 3185 448 3283 plis
472 3182 701 3257 multifariam
724 3181 908 3282 descriptis
934 3183 1062 3285 publici
1082 3184 1177 3285 juris
1199 3183 1310 3259 iactas
1333 3207 1431 3259 esse.
1468 3209 1504 3260 v.
1531 3180 1650 3257 Wolfii
1673 3182 1874 3285 Prolegour.
1900 3183 1937 3256 in
1962 3180 2077 3256 Cicer.
2097 3177 2162 3254 Or.
2183 3202 2248 3279 pro
2261 3175 2366 3253 blar-

377 3304 466 3377 callo
516 3302 671 3378 XVII.
2418 3329 2421 3334 ·

489 3329 577 3498 l»Si
600 3418 689 3521 quid
714 3421 821 3523 igitur
847 3420 1055 3498 eruditionis
1086 3430 1122 3497 et
1147 3422 1343 3497 litterarum
1366 3424 1557 3523 Augustus
1577 3422 1629 3496 illi
1654 3418 1841 3497 Consulari
1865 3428 2047 3523 acceptum
2070 3391 2198 3512 relert,
2230 3411 2269 3489 id
2293 3438 2366 3488 non

335 3527 342 3536 ⁸
376 3538 462 3614 vira
486 3541 577 3639 cjrrs
569 3565 673 3616 roco
694 3548 731 3614 et
750 3539 926 3616 auditione
950 3541 1150 3678 percepisse
1173 3541 1339 3618 dicendus
1361 3550 1435 3637 est,
1471 3541 1534 3617 sed
1568 3541 1730 3615 hausisse
1754 3565 1802 3614 ex
1826 3543 1904 3638 ejus
1938 3538 2097 3638 scriptis,
2132 3558 2224 3637 quae
2251 3531 2296 3605 ab
2321 3556 2365 3606 eo

376 3655 569 3758 diligenter
590 3660 741 3734 lectitata
764 3683 866 3753 csse,
898 3661 977 3734 veri
1010 3668 1067 3734 est
1087 3662 1314 3736 simillimum.
1364 3660 1444 3738 Jarn
1477 3660 1639 3760 quamvis
1674 3659 1740 3733 boc
1775 3684 1901 3733 verum
1931 3658 1994 3750 sit,
2031 3663 2150 3728 tamen
2176 3658 2365 3752 propterea

377 3775 508 3852 Cicero
531 3801 755 3879 nequaquam
777 3774 846 3851 dici
866 3776 1059 3877 haberique
1082 3786 1198 3878 potest
1221 3779 1378 3879 Augusti
1398 3780 1540 3878 juvenis
1563 3779 1750 3877 magister,
1774 3785 1814 3850 ut
1838 3776 1902 3849 lrac
1926 3774 2130 3874 scriptione,
2164 3777 2365 3870 temporum

374 3919 569 3996 rerumque
591 3894 785 3972 rationibus
809 3897 951 3996 copiose
976 3922 1019 3972 aa
1044 3896 1216 3972 subt'litar
1240 3897 1395 3992 exactis,
1421 3895 1680 3982 demonstrasse
1702 3895 1789 3971 nribi
1813 3892 1947 3969 videor.
2022 3973 2024 3978 ,

1293 4100 1339 4212 S.
1373 4103 1446 4194 10.

372 4249 390 4324 ⁸.
529 4250 605 4328 Sed
626 4252 729 4330 video
763 4278 821 4330 me
839 4257 915 4355 jam
940 4252 986 4329 ad
1010 4279 1091 4330 euru
1116 4253 1317 4356 scriptionis
1348 4278 1451 4330 mese
1473 4256 1593 4329 locum
1616 4250 1774 4327 deletum
1797 4274 1899 4347 csse,
1930 4243 1988 4352 qui
2009 4246 2214 4348 aptissimus
2245 4244 2293 4320 sit
2314 4238 2363 4315 ad

373 4370 702 4468 commemorandos
735 4380 770 4447 et
804 4371 927 4448 ordine
957 4371 1186 4450 'recensendos
1219 4398 1282 4449 ecs
1301 4373 1413 4468 siros,
1447 4372 1508 4474 qui
1531 4369 1674 4472 quidem
1697 4368 1741 4445 ab
1773 4369 1926 4472 antiquis
1951 4365 2185 4467 scriptoribus
2208 4359 2363 4464 Augusti

373 4491 434 4564 vel
454 4490 558 4590 pueri
580 4493 640 4566 vel
663 4490 895 4567 adolescentis
919 4493 1076 4593 magistri
1098 4492 1218 4567 verbis
1244 4473 1442 4592 expressis
1460 4493 1696 4590 appellantem.
1746 4487 1884 4564 Eorum
1906 4491 2071 4581 aetatem,
2094 4475 2308 4587 dignitatem
2325 4483 2361 4554 et

373 4605 496 4684 studia
518 4609 551 4683 si
574 4617 797 4710 spectamus,
822 4611 899 4685 sine
919 4611 993 4686 ulla
1018 4609 1234 4685 dubitatione
1259 4608 1426 4684 familiam
1449 4608 1546 4683 ducit

526 4733 560 4804 1.
609 4731 797 4825 Sphaerus
822 4725 987 4829 qnidam,
1023 4754 1129 4830 quem
1160 4725 1408 4830 paedagogum
1433 4725 1609 4830 quondam
1633 4750 1739 4801 suurn
1765 4745 1806 4800 sc
1828 4722 1991 4798 libertum
2009 4745 2102 4796 anno
2127 4719 2175 4795 U
2201 4717 2243 4795 C.
2271 4718 2360 4794 714.

370 4869 409 4920 ι.
432 4848 500 4924 43.
521 4845 664 4946 publiea
685 4847 891 4947 sepelivisse
913 4847 1098 4949 Augustus
1123 4844 1273 4921 traditur
1296 4873 1320 4921 a
1340 4848 1457 4921 Diona
1483 4846 1582 4946 Cass.
1606 4843 1707 4921 Libr.
1722 4841 1895 4921 XLVIII.
1920 4866 1952 4915 e.
1968 4844 2031 4917 33.
2070 4839 2186 4938 liujus
2208 4832 2360 4935 Spbeori

372 4959 517 5050 aliunde
538 4973 611 5040 noir
632 4965 762 5068 cogniti
785 4991 913 5041 nomen
938 4965 1151 5042 correctione
1174 4967 1362 5042 obtrusum
1388 4971 1464 5041 erat
1487 4988 1510 5039 a
1531 4963 1705 5040 nonnullis
1729 4965 1805 5037 loco
1831 4958 1992 5037 Suetonii
2017 4983 2052 5034 c
2059 4959 2121 5034 83
2110 5009 2135 5052 .,
2160 4960 2265 5055 atque
2287 4949 2361 5028 Fa·

371 5081 510 5164 bricius
541 5080 587 5156 ad
621 5084 749 5160 Dionis
784 5084 899 5160 Cassii
926 5087 951 5162 l.
987 5111 1020 5162 c.
1040 5092 1115 5161 not.
1141 5089 1227 5161 152.
1256 5083 1339 5161 Vol.
1362 5083 1409 5161 V
1443 5111 1480 5184 p.
1508 5087 1597 5161 553.
1616 5081 1715 5159 stra.
1749 5079 1831 5158 inde
1863 5078 2013 5178 colligit,
2041 5077 2141 5151 illum
2171 5071 2280 5146 fuisse
2311 5093 2359 5144 ex

371 5199 449 5299 ss,
472 5225 563 5302 qnos
585 5201 739 5277 Romani
772 5211 1036 5282 Groaacoticos
1073 5169 1319 5303 appellassent.
1369 5201 1444 5280 Sed
1458 5201 1592 5276 fallitur
1623 5224 1734 5302 aeque
1758 5223 1799 5274 ac
1823 5195 2033 5274 Torrentius
2058 5202 2095 5268 et
2118 5191 2357 5282 Burmannus,

370 5347 440 5425 qur
425 5315 621 5398 Suetonii
644 5323 761 5405 locum
781 5323 952 5426 scriptum
966 5319 1172 5400 ediderunt.
1194 5325 1366 5418 „Deinde
1389 5329 1502 5400 etiam
1526 5324 1727 5399 eruditiores
1750 5325 1857 5396 corio
1882 5322 2060 5416 repletus,
2083 5312 2251 5411 Syrnos,
2271 5310 2360 5386 Arei

368 5553 377 5562 ·
432 5589 497 5664 17).
508 5569 671 5652 &sistatur
687 5592 734 5663 cui
749 5609 842 5652 sarum
860 5589 1353 5651 remmordinem'accaratsetdocta
1381 5569 1608 5662 ἀκοιιιιιοιι,
1623 5590 1793 5648 sannam
1808 5583 2004 5645 temeson
2018 5577 2111 5641 rous
2126 5577 2288 5656 pssquq.
