5717 6575
1019 633 1318 709 onemundus
1338 632 1401 707 ΕΤ
1422 632 1712 717 moruus.
1810 696 1815 703 .
2287 622 2364 724 12‘9

368 834 427 911 laio
450 857 535 911 essa
552 838 670 908 cemes
694 825 864 932 quasdam
891 826 1111 931 Angustiae
1136 826 1332 925 Tiberiill)
1361 827 1537 903 orationes
1564 824 1742 921 aditiales,
1779 847 1871 927 quae
1894 823 1933 901 in
1956 822 2165 903 Consulatus
2192 827 2361 930 aruspiciis

369 952 512 1031 babilae
527 948 702 1029 Kalendis
719 949 897 1027 Ianuariis
921 974 1010 1049 prae
1036 950 1183 1025 macria
1207 949 1403 1050 argumenti
1424 945 1597 1050 graviods
1624 945 1777 1020 fuissent
1800 952 1838 1019 et
1859 942 2053 1021 salubrium
2074 948 2361 1047 pracocpb'onum

368 1075 512 1179 plenae.
562 1072 697 1147 llarum
719 1068 937 1163 oratiorum,
964 1068 1092 1169 quibus
1117 1069 1198 1145 nori
1224 1066 1399 1143 Gomubs
1424 1054 1674 1168 magistratum
1692 1065 1853 1141 ineuntes
1876 1061 1922 1137 do
1944 1063 2020 1137 suis
2043 1064 2169 1141 officiis
2193 1066 2362 1145 admone

369 1200 503 1289 rentur,
523 1189 762 1267 radisbonam
781 1187 863 1263 viro
888 1184 1005 1264 adbuc
1023 1185 1191 1289 Augusto
1217 1184 1392 1263 demetam
1415 1184 1527 1261 luisse
1552 1210 1575 1265 a
1595 1183 1740 1277 Senatu,
1761 1183 1835 1259 veri
1855 1180 2066 1259 simillisnum
2086 1191 2152 1261 est.
2185 1184 2228 1260 1d
2243 1194 2363 1266 umen

306 1374 311 1379 .
368 1309 552 1391 decretum
574 1309 721 1383 minima
749 1304 794 1381 ab
816 1305 1044 1383 admiratione
1066 1313 1103 1381 ct
1123 1302 1229 1381 laude
1253 1305 1491 1407 eloquentiae,
1522 1322 1594 1404 qua
1622 1303 1683 1378 ille
1705 1302 1798 1377 inter
1821 1309 1980 1379 caeteros
2004 1302 2203 1399 eminuerit,
2229 1306 2296 1380 sed
2313 1308 2361 1385 als

369 1426 573 1507 adadatione
597 1425 798 1529 proiectum
820 1450 912 1522 csse,
938 1450 1044 1503 nemo
1069 1426 1138 1501 erit
1160 1425 1223 1526 qui
1247 1422 1395 1503 dubitet.
1449 1422 1532 1501 Jam
1553 1422 1648 1499 buno
1672 1446 1820 1518 moron,
1840 1426 1929 1496 testa
1943 1421 2076 1516 Dione,
2100 1422 2240 1500 sustulit
2253 1425 2362 1502 Clau.

370 1546 478 1645 dias,
502 1545 586 1624 Cos.
606 1545 660 1623 Π.
684 1570 719 1624 a.
741 1546 789 1624 U.
813 1543 857 1622 G.
881 1548 970 1623 735.
992 1570 1025 1621 a.
1050 1572 1089 1645 p.
1114 1543 1199 1620 Glrr.
1225 1547 1288 1620 42.
1310 1568 1384 1619 non
1405 1542 1490 1645 quia
1512 1544 1741 1643 Augustam,
1766 1565 1872 1642 quen
1892 1539 2013 1640 potius
2035 1539 2074 1615 in
2096 1542 2260 1619 omnibns
2285 1552 2361 1621 sto·

342 1651 346 1656 ⁵
370 1663 445 1743 lide
471 1663 714 1741 aemulabatur
736 1670 773 1740 ct
795 1662 1040 1759 venerabatur,
1067 1661 1259 1763 despicatui
1282 1661 1445 1757 habolam,
1469 1660 1536 1738 sed
1558 1662 1638 1763 quia
1660 1661 1819 1736 sollemni
1840 1659 1907 1735 bac
1932 1659 2134 1735 orationum
2155 1662 2361 1739 recitatione

370 1790 529 1871 Senatus
550 1808 666 1887 usque
687 1781 734 1858 ad
755 1808 943 1884 vesperam
966 1781 1187 1859 detinebatur
1217 1781 1258 1855 in
1285 1782 1385 1857 curia
1419 1787 1456 1857 et
1489 1780 1576 1857 sotis
1612 1779 1857 1874 existimabat,
1889 1802 1952 1853 aas
1974 1778 2014 1853 in
2037 1779 2206 1857 columnis
2230 1781 2359 1859 incisas

370 1930 465 1985 asse.
512 1892 751 1981 llrlrilominus
775 1903 843 1977 ista
866 1926 945 1978 mos
968 1902 1035 1978 snb
1058 1897 1197 1977 Claudii
1218 1923 1422 1977 suooesmre
1454 1897 1500 1975 ab
1531 1900 1612 2001 ipso
1637 1899 1773 1976 Senatu
1806 1897 1914 1973 etiam
1946 1898 2097 1999 turpiori
2120 1897 2227 1975 mmo
2254 1926 2359 1979 revo-

370 2032 473 2103 catus
495 2027 563 2099 ast.
611 2021 710 2099 Naro
736 2021 833 2097 onim
856 2046 982 2122 quum,
1004 2019 1133 2121 adepto
1158 2017 1325 2119 irnperio,
1349 2019 1484 2095 curiam
1513 2019 1696 2119 ingressus
1731 2018 1942 2112 orationem,
1972 2042 2080 2117 mam
2105 2016 2245 2095 Seneca
2269 2023 2359 2097 scri.

368 2147 513 2247 paseat,
537 2130 583 2215 de
605 2141 739 2243 scripto
762 2138 928 2235 dixisset,
941 2122 997 2215 'ea
1020 2137 1186 2215 Patribus
1206 2136 1296 2213 adeo
1321 2138 1465 2239 placuit,
1493 2133 1587 2221 diere
1610 2133 1676 2211 sai
1700 2128 1736 2219 d
1759 2133 1935 2237 ἀργυρᾶν
1959 2131 2359 2239 στήληνιέγγραφῆναι

368 2258 436 2337 καὶ
458 2261 501 2337 ἐν
523 2261 608 2343 ταῖς
630 2256 732 2343 νέαις
755 2261 838 2334 τῶν
860 2252 1107 2333 ἀεὶ-ὑπαίτιον
1130 2253 1265 2357 ἀρχαῖς
1290 2250 1635 2359 ἀναγινώσκεσθαῐ
1646 2254 1904 2355 ψηφισθῆναι,
1928 2260 1970 2331 ut
1987 2261 2068 2331 utar
2093 2255 2210 2332 verbis
2227 2258 2359 2359 Xiphi-

367 2379 430 2457 lini
450 2376 555 2456 ldae.
580 2375 682 2453 LXI.
704 2402 737 2453 c.
760 2380 798 2454 3.
821 2376 885 2452 ubi
907 2373 981 2453 sid.
1002 2374 1183 2452 Fabricius
1204 2376 1254 2452 tt.
1276 2378 1335 2453 13.

523 2508 598 2615 Sed
625 2518 745 2587 tamen
766 2537 903 2587 morem
924 2512 1033 2587 istum
1055 2535 1078 2586 a
1100 2510 1254 2599 Senatu,
1280 2508 1488 2611 Principum
1512 2507 1694 2584 adulatore
1700 2560 1714 2604 ,
1745 2516 1955 2610 usurpatum
1987 2510 2019 2586 si
2044 2510 2193 2611 propius
2218 2520 2355 2614 speeta-

367 2657 472 2727 mus,
493 2655 564 2706 nun
589 2654 737 2727 vercor,
763 2655 810 2706 ne
833 2655 1052 2734 magnopere
1073 2628 1191 2727 lallar,
1224 2630 1486 2730 sidugustum
1507 2628 1628 2730 ipsum
1653 2628 1801 2705 Senatui
1827 2653 1869 2702 ea
1894 2628 1932 2703 in
1954 2653 1996 2703 re
2014 2628 2126 2705 lacem
2152 2633 2358 2730 praeteriisse

367 2748 506 2827 dixero.
556 2748 749 2825 Memoriae
774 2749 868 2825 enim
888 2746 1070 2851 proditum
1089 2750 1266 2851 legimus,
1288 2749 1495 2851 Augustum
1517 2749 1670 2850 primum
1692 2746 1903 2843 instituisse,
1927 2753 1969 2821 ut
1990 2748 2138 2823 aliomm
2162 2755 2197 2822 et
2215 2749 2358 2851 quidem

367 2878 530 2945 ratmunt
554 2866 685 2970 scripta
709 2877 887 2971 tamquam
904 2892 1055 2971 magnae
1075 2868 1289 2943 auctoritatis
1320 2895 1362 2944 ao
1396 2865 1483 2942 fidel
1510 2865 1717 2942 doourncnta
1745 2873 1782 2942 ot
1803 2873 2027 2941 monumenta
2050 2868 2209 2943 vcmmtis
2228 2871 2358 2946 recita-

367 2995 492 3065 rentur
513 2994 575 3062 aut
595 2987 726 3063 iterum
747 2989 945 3089 iterumque
968 2988 1013 3062 ab
1036 2988 1200 3063 omnibus
1224 2989 1436 3090 legerentrn.
1499 2984 1614 3085 Quid,
1640 2984 1737 3088 quod
1761 3011 1805 3061 ca
1825 2986 1905 3088 ipse
1928 2988 2134 3089 praelegere
2163 3012 2234 3064 non
2255 2988 2359 3065 dubi·

366 3107 466 3183 tavit.
514 3103 561 3181 Id
585 3105 711 3183 Livius
743 3106 893 3208 posteris
924 3104 1128 3208 prodiderat
1152 3104 1252 3183 Libr.
1277 3106 1402 3204 le„
1430 3113 1473 3181 ut
1493 3104 1660 3206 Epitome
1683 3104 1858 3203 ostendit,
1887 3104 1950 3179 ubi
1971 3106 2076 3181 baec:
2099 3104 2173 3206 „Q
2192 3108 2359 3189 Metellus

320 3297 323 3302 .
368 3250 494 3303 censor
518 3225 665 3322 censrdt,
688 3232 729 3302 ut
754 3250 877 3302 omncs
899 3233 1109 3330 cogerentur
1128 3224 1257 3302 ducere
1280 3250 1411 3302 uxores
1435 3226 1628 3301 liberorum
1649 3223 1879 3302 monadorum
1905 3247 2043 3302 caussa.
2092 3225 2222 3303 Exstat
2246 3232 2358 3310 oratio

367 3347 469 3448 ejus,
493 3369 599 3448 quam
619 3345 805 3447 Augustus
827 3344 972 3441 Caesar,
994 3371 1104 3448 qaum
1128 3344 1173 3421 de
1194 3343 1400 3436 maritandis
1425 3343 1612 3421 ordinibus
1638 3353 1772 3449 ageret,
1795 3347 1893 3420 velut
1911 3346 1950 3418 in
1966 3344 2065 3420 ¹baec
2088 3351 2249 3447 tempora
2268 3353 2359 3427 acsi·

367 3469 468 3566 ptam
495 3463 534 3537 io
555 3462 690 3539 Senatu
712 3462 921 3540 recitarit.“
975 3463 1094 3567 Hujus
1122 3465 1179 3540 rei
1209 3472 1244 3540 et
1279 3465 1418 3562 consilii
1449 3465 1621 3540 rationem
1656 3463 1768 3540 lrrsius
1805 3464 1969 3564 exposuit
1996 3462 2187 3542 Suetonius
2218 3494 2250 3544 c.
2275 3475 2358 3550 &iba

365 3581 446 3680 „ln
467 3579 667 3658 evolvendis
692 3583 878 3684 utriusque
901 3581 1042 3685 linguae
1065 3583 1262 3668 auctoribus
1288 3571 1374 3660 nibil
1403 3609 1514 3687 aeque
1537 3584 1737 3661 sectabatur
1772 3607 1878 3686 quam
1904 3591 2090 3686 praecepta
2123 3593 2160 3660 et
2194 3592 2359 3691 exempla

367 3699 506 3803 publice
528 3700 584 3775 vel
606 3701 770 3803 privatim
792 3702 967 3776 salubria:
1000 3728 1110 3803 eaque
1133 3701 1179 3776 od
1200 3702 1350 3779 verbum
1381 3710 1548 3804 excerpta
1578 3701 1711 3779 autad
1744 3701 1953 3777 domesticos
1979 3710 2041 3776 aut
2070 3702 2117 3776 ad
2139 3710 2359 3790 exercituum

367 3820 697 3923 prouinciarumque
718 3827 870 3896 rectores
892 3827 956 3896 aut
979 3819 1026 3895 ad
1049 3820 1158 3897 Urbis
1184 3822 1410 3925 magistratus
1436 3824 1645 3925 plerumque
1667 3821 1844 3918 nubebat,
1877 3826 1984 3921 prout
2018 3822 2145 3923 quique
2165 3829 2357 3908 monitione

365 3938 577 4041 indigerent.
625 3937 742 4013 Etiam
765 3940 875 4015 libros
894 3946 986 4016 totos
1006 3947 1041 4015 et
1062 3939 1209 4016 Seuabri
1231 3941 1388 4016 radiavit
1416 3947 1453 4015 et
1481 3944 1616 4044 populo
1646 3948 1749 4017 notos
1777 3965 1845 4041 per
1880 3937 2033 4014 edictum
2058 3967 2165 4044 saepe
2186 3944 2285 4022 lecito
2315 3956 2356 4026 ut

366 4060 542 4134 umbones
564 4056 610 4156 Q.
633 4057 771 4134 Metelli
795 4057 840 4133 de
860 4061 962 4159 prola
983 4057 1160 4162 augenda,
1187 4067 1222 4135 et
1247 4059 1375 4135 Rutilii
1398 4057 1444 4135 de
1469 4060 1576 4136 modo
1601 4059 1856 4136 uediddorum:
1881 4085 1951 4161 quo
1975 4059 2087 4163 magis
2114 4064 2354 4166 persuaderet,

366 4185 551 4278 unamque
573 4201 651 4250 rem
674 4201 747 4250 noa
772 4200 794 4251 a
815 4203 856 4253 sc
879 4178 993 4279 primo
1017 4176 1320 4274 animadversam,
1357 4179 1420 4255 sed
1446 4180 1597 4280 antiquis
1613 4184 1690 4279 jam
1711 4187 1795 4254 banc
1820 4204 1924 4254 curae
1945 4178 2164 4278 imsse.“³⁰)
2213 4184 2259 4260 In
2282 4212 2354 4289 quo

365 4298 445 4372 looo
470 4294 690 4371 Suetoniana
713 4294 889 4372 scribendi
909 4298 998 4373 ratio
1025 4299 1188 4402 opposito
1221 4302 1601 4400 consectanduplanum
1623 4298 1729 4394 lacit,
1761 4297 1893 4374 Metelli
1927 4298 2121 4374 orationem
2148 4301 2188 4377 in
2220 4302 2355 4386 Senatu

363 4415 566 4510 recitatam,
592 4414 717 4490 Raetii
738 4415 932 4493 credonem
953 4443 1019 4518 per
1042 4418 1193 4493 edictum
1214 4421 1350 4519 populo
1373 4419 1585 4520 propositam
1605 4417 1807 4519 significari.
1857 4416 1948 4492 Illud
1970 4418 2141 4496 accidisse
2155 4426 2354 4524 suspicatus·

363 4533 576 4610 transactos
600 4532 640 4608 in
665 4534 863 4613 Commeat.
886 4534 934 4611 ad
959 4536 1051 4640 Leg.
1074 4536 1146 4615 Jul-
1170 4535 1272 4614 Libr.
1292 4537 1325 4616 1.
1348 4563 1380 4613 o.
1404 4542 1443 4616 3.
1470 4565 1508 4640 p.
1532 4542 1595 4615 42.
1622 4563 1714 4613 amno
1739 4538 1784 4613 U.
1810 4535 1853 4613 0.
1877 4540 1962 4614 736.
1987 4562 2018 4612 s.
2044 4542 2126 4632 ls,
2150 4565 2239 4642 quo,
2265 4552 2353 4620 teste

284 4811 287 4828 ·
372 4747 381 4766 ι
431 4785 480 4858 ὓ)
496 4787 602 4843 'l'lberii
631 4788 769 4844 orationes
796 4789 925 4858 quasdam
952 4755 1095 4860 quotanbis
1116 4788 1241 4846 recitatas
1264 4807 1335 4860 esse,
1382 4792 1520 4847 Metellum
1541 4791 1712 4848 Numidicum
1733 4790 1761 4845 in
1783 4805 1896 4845 cemma
1918 4791 1954 4844 ad
1976 4792 2103 4860 populum
2125 4792 2227 4849 dixisse
2248 4797 2284 4850 dc
2301 4800 2351 4854 dn-
2442 4777 2448 4798 ³
2490 4847 2497 4860 .

363 4870 468 4941 unitor,
487 4873 554 4930 licet
574 4874 609 4927 ab
632 4872 709 4928 initio
731 4873 839 4943 imperii
860 4876 959 4930 bouum
980 4876 1135 4947 Principem
1156 4882 1184 4930 et
1199 4876 1289 4932 verbis
1305 4880 1335 4933 et
1382 4877 1477 4932 oendis
1499 4876 1644 4946 uxoribus,
1666 4877 1775 4946 ejusque
1799 4874 1928 4930 orationis
1949 4874 2127 4942 insumentum
2150 4880 2237 4936 etlcrt.
2269 4883 2299 4936 ld
2322 4884 2352 4939 iu

359 4955 441 5013 ficu
456 4955 636 5027 dmmaredt,
652 4973 685 5013 ac
699 4974 788 5028 paene
803 4959 933 5029 adducor,
953 4965 984 5014 ut
999 4961 1136 5029 Senamm,
1152 4959 1271 5028 quicum
1285 4978 1333 5016 su·
1380 4961 1504 5017 trondem
1525 4961 1632 5016 induxit
1652 4951 1825 5016 Tonantium
1848 4964 1876 5014 et
1899 4960 2085 5015 Casaubonum
2109 4963 2144 5016 ad
2165 4965 2274 5020 Seston·
2291 4970 2310 5021 Ι.
2326 4985 2351 5026 ο.

359 5050 483 5114 spamam
499 5042 625 5111 haberet,
641 5042 672 5096 iu
687 5041 740 5098 boc
757 5043 866 5099 decreto
881 5043 953 5098 idem
969 5051 1105 5122 spectasse
1121 5045 1242 5116 credam,
1259 5048 1333 5116 quod
1379 5046 1497 5116 itemque
1512 5045 1667 5102 Fabricium
1683 5046 1718 5100 nd
1734 5045 1816 5100 Dion.
1833 5045 1909 5099 Cass.
1924 5045 1999 5098 Libr.
2015 5046 2085 5100 nvi.
2108 5064 2131 5100 c.
2147 5048 2189 5101 13.
2212 5050 2247 5104 Ν.
2263 5052 2306 5105 21.
2322 5061 2351 5109 et

359 5127 399 5182 de
412 5125 501 5198 prims
516 5126 661 5196 Caligulae
683 5127 816 5198 oratioue,
838 5144 917 5198 quam
939 5129 1071 5184 Kalendis
1092 5130 1171 5186 luliis
1193 5148 1218 5188 a.
1240 5132 1275 5187 U.
1298 5131 1331 5188 C.
1378 5131 1407 5187 in
1424 5131 1504 5188 caes.
1519 5138 1590 5200 Aug.
1605 5131 1716 5199 Fregm
1731 5148 1759 5200 p.
1775 5130 1835 5186 173.
1851 5129 1916 5184 Not.
1935 5129 2351 5194 Nunti-Metellumblscedoni·

356 5209 422 5268 731.
437 5227 462 5266 ι.
477 5228 506 5281 p.
522 5210 588 5268 Chr.
604 5213 648 5269 33.
663 5209 801 5282 inarmans
818 5213 992 5272 comulatam
1007 5212 1155 5287 babuerat,
1177 5215 1263 5272 refert
1277 5217 1331 5273 Dio
1379 5233 1441 5271 cum
1452 5216 1677 5285 utintelligamus,
1691 5216 1787 5270 suadet
1798 5215 1966 5285 Epitomator
1979 5215 2060 5283 Livii,
2070 5216 2114 5270 cui
2126 5217 2176 5271 bae
2186 5217 2215 5272 iu
2225 5235 2255 5272 re
2266 5221 2349 5277 fidem

357 5295 441 5352 cus.
454 5289 615 5350 Libum.
632 5312 657 5351 c.
673 5297 700 5352 3.
1378 5299 1529 5356 babendum
1547 5317 1624 5371 csse,
1639 5317 1718 5355 nemo
1736 5300 1867 5369 ambiget:
1879 5303 2298 5372 quamquam-uterquebdetellus
2320 5308 2349 5362 iu

427 5379 476 5450 31)
490 5381 541 5434 ille
559 5379 591 5447 Q.
606 5381 731 5436 urceum
752 5381 869 5438 iuerltrse
889 5386 1076 5440 Macedonicas
1095 5403 1137 5441 aa
1159 5385 1330 5451 Naartds'ess,
1380 5401 1494 5441 censura
1509 5384 1604 5440 similis
1620 5386 1770 5454 “gementi
1786 5386 1934 5440 orationem
1950 5384 2074 5439 babuisse
2090 5385 2237 5443 waimari
2253 5397 2352 5459 potest.

356 5470 563 5519 muneremur
579 5469 634 5520 est:
651 5465 1054 5540 sidilukernsadbisiildpit.
1071 5469 1333 5526 eitvol.X11.P.2.
1379 5472 1526 5527 Praeterea
1542 5471 1715 5526 consumtor
1736 5471 1860 5539 Meyerus
1881 5470 1911 5524 ia
1933 5472 2019 5524 Orata
2040 5471 2118 5527 Rom.
2134 5474 2244 5542 Fracta.
2261 5494 2289 5547 p.
2304 5479 2348 5533 31.

357 5548 495 5620 panum.
509 5550 596 5617 surg.
613 5552 662 5604 ille
678 5550 766 5608 luerat
776 5553 882 5610 Censor
898 5571 924 5609 a.
942 5555 975 5609 U.
992 5555 1024 5609 c.
1040 5554 1101 5610 323.
1118 5571 1141 5611 s.
1156 5556 1228 5626 131,
1242 5553 1288 5609 bio
1304 5571 1332 5611 a.
1379 5561 1409 5611 et
1429 5557 1600 5611 Dmmanuos
1619 5557 1691 5614 llist.
1712 5557 1790 5628 lion.
1811 5556 1873 5611 Vol.
1890 5557 1924 5610 ll·
1944 5573 1973 5624 p·
1988 5555 2033 5612 33.
2054 5555 2090 5612 N.
2111 5557 2155 5614 31.
2178 5567 2208 5615 et
2228 5563 2289 5618 Vol.
2304 5565 2354 5622 111.

353 5631 637 5692 acuta-stoa
668 5636 1332 5711 smadeuind.a.t.ior.1.ao.nsmt‚
1380 5640 1533 5712 abiail.
1549 5641 1593 5699 13.
1618 5696 1624 5706 .
