5717 6575
498 613 552 691 00
666 618 669 623 ’
1105 640 1109 645 ·
1284 610 1513 683 EXCURSUS
1534 611 1701 681 PRIMUS

501 812 707 915 appellationis
729 836 783 881 usn
804 821 943 883 testatam
963 814 1087 883 laceret.
1131 814 1236 882 Gentis
1258 815 1375 900 duliae,
1396 816 1428 882 iu
1450 838 1536 904 quam
1557 814 1716 905 adoptione
1738 813 1918 898 transierat,
1943 813 2126 915 memoriam·
2138 813 2317 905 propagavit
2342 808 2498 906 coluitque

500 921 559 983 sic,
581 910 614 965 ut
633 899 725 967 filiam
746 900 877 985 unicam,
899 923 989 990 opera
1010 923 1029 966 a
1050 924 1084 968 se
1106 909 1278 985 exstructa,
1300 901 1384 988 leges
1406 902 1483 966 latas
1505 910 1536 966 et
1556 901 1689 968 colonias
1712 899 1851 966 deductas
1873 908 2039 966 nominaret
2058 899 2173 966 duleas.

621 999 893 1090 sCannegieterus
915 1001 952 1066 de
973 1003 1093 1069 Nomin.
1116 1003 1225 1068 Mutat.
1247 1025 1272 1068 c.
1295 1002 1349 1070 IV.
1370 1023 1400 1092 p.
1425 1002 1476 1070 10.
1498 1010 1615 1085 censet,
1637 1002 1823 1089 Augustum,
1845 1001 1970 1066 simulac
1991 1000 2138 1065 debellato
2159 998 2204 1066 Μ.
2225 999 2375 1084 Antonio,
2396 1001 2497 1092 parti·

501 1084 556 1151 bus
576 1083 707 1152 Iulianis
729 1109 804 1152 uuus
826 1086 948 1152 relictus
971 1096 1052 1152 esset
1075 1087 1134 1151 dux
1154 1108 1310 1173 rerumque
1327 1089 1390 1174 jam
1412 1086 1495 1153 solus
1512 1088 1623 1176 potitus
1645 1109 1713 1152 esse
1734 1086 1792 1152 sibi
1813 1086 1973 1168 videretur,
1996 1087 2082 1151 unico
2102 1085 2246 1153 Caesatt'e
2266 1086 2386 1151 nomine
2407 1108 2498 1153 usum

502 1191 580 1236 esse.
624 1168 707 1243 Quae
729 1173 828 1260 opinio
851 1172 908 1236 etsi
930 1171 1042 1236 nullum
1064 1173 1094 1237 iii
1115 1181 1251 1261 promptu
1274 1179 1321 1236 est
1344 1173 1555 1253 testimouium,
1584 1191 1640 1258 quo
1662 1192 1727 1235 eam
1749 1171 1934 1253 confirmem,
1967 1178 2064 1234 tamen
2093 1179 2125 1234 ot
2153 1172 2225 1235 milii
2245 1171 2309 1235 veii
2331 1178 2380 1237 est
2399 1170 2499 1237 simil·

501 1251 573 1320 lima
594 1263 625 1319 et
646 1257 748 1338 cuivis,
771 1256 870 1339 credo,
890 1255 1047 1338 videbitur,
1069 1256 1118 1343 qui
1132 1255 1263 1342 Augusti
1285 1255 1440 1321 consilium
1462 1256 1647 1343 studiumque
1675 1256 1764 1343 regni
1792 1254 1954 1320 affectandi
1985 1254 2227 1320 consideraverit
2275 1255 2345 1321 Non
2379 1253 2499 1321 latebat
2539 1281 2542 1285 ’

502 1360 579 1422 eum,
601 1361 685 1427 quam
707 1342 871 1427 gratiosum
892 1340 964 1406 illud
987 1351 1068 1406 esset
1089 1340 1166 1429 apud
1187 1360 1224 1428 po
1247 1338 1335 1422 ulum,
1376 1348 1466 1406 uaiita
1487 1342 1519 1405 iu
1541 1361 1576 1405 eo
1591 1342 1731 1427 majestas
1748 1341 1863 1404 inesset
1884 1349 1915 1404 et
1936 1361 2021 1427 quam
2043 1361 2153 1404 arcana
2173 1341 2230 1422 vis,
2252 1339 2378 1426 quajam
2395 1339 2498 1429 signi·

502 1422 592 1489 ficere
614 1425 763 1512 coepisset
783 1447 865 1507 eum,
887 1425 933 1491 cui
955 1424 1165 1512 utaliquando
1187 1361 1269 1491 sullis
1290 1362 1398 1514 pupillo
1419 1447 1576 1512 rerumque
1598 1423 1849 1489 administrationi
1870 1432 2035 1513 praeesset,
2056 1423 2148 1489 latale
2170 1427 2306 1506 esset¹⁵l

654 1525 737 1592 dulia
760 1524 900 1610 Caesari,
932 1527 1038 1591 victori
1060 1549 1099 1591 eii
1127 1526 1276 1614 Hispania
1307 1525 1425 1610 reduci,
1453 1525 1607 1591 aSeuatu
1630 1524 1782 1590 adulatore
1815 1525 1952 1590 immensi
1976 1525 2161 1613 humanoque
2187 1525 2310 1613 fastigio
2332 1523 2498 1616 ampliores

503 1608 616 1675 decreti
647 1610 767 1674 fuerant
787 1612 931 1693 bonores,
957 1633 1030 1698 quos
1056 1611 1136 1676 iuter
1162 1610 1322 1675 Suetonius
1360 1610 1422 1677 Jul.
1453 1611 1540 1678 Caes.
1564 1633 1589 1676 c.
1614 1608 1665 1675 76.
1688 1610 1771 1698 poiiit
1818 1632 1978 1675 iaeiiomeu
2003 1610 2218 1694 Imperatoria
2261 1612 2308 1675 ilc
2329 1609 2367 1677 de
2388 1609 2498 1681 eodem

504 1692 629 1801 loqueris
652 1694 771 1759 decreto
794 1696 854 1760 Dio
877 1694 963 1762 Cass.
984 1696 1072 1760 Libr.
1095 1694 1215 1760 XLIII.
1238 1717 1264 1761 c.
1285 1691 1338 1759 44.
1360 1694 1455 1760 addit:
1479 1694 1537 1758 καὶ
1560 1690 1707 1783 τοσαύτῃ
1729 1716 1766 1775 γε
1788 1693 1959 1783 οπιρβολῇ
1982 1691 2161 1768 κολακείας
2182 1689 2385 1779 ἐχρήσαντο,
2406 1689 2498 1761 dore

503 1799 564 1844 και
585 1775 662 1853 τούς
683 1777 811 1853 παῖδας
832 1777 910 1854 sude
931 1801 968 1844 τε
996 1776 1153 1864 ἐγγόνους
1178 1776 1283 1843 αὐτοῦ
1313 1773 1400 1844 οὕτω
1426 1777 1616 1843 καλεῖσθαι
1645 1777 1875 1864 ψηφίσασθαι
1898 1800 1927 1842 κ.
1950 1800 1978 1842 e.
2000 1779 2030 1842 λ.
2072 1779 2129 1845 lllo
2162 1781 2255 1866 igitur
2276 1779 2396 1845 decreto
2416 1778 2499 1849 'illud

504 1862 695 1929 Praenomeu
715 1863 925 1929 bereditarium
946 1866 1057 1930 factum
1079 1874 1145 1928 erat
1165 1872 1206 1946 et,
1228 1887 1292 1928 cum
1314 1863 1412 1931 Julius
1435 1863 1551 1930 Caesar
1572 1862 1674 1928 liberis
1696 1865 1725 1927 le
1749 1863 1839 1928 'timis
1861 1871 1989 1946 careret,
2011 1865 2121 1930 assumi
2142 1863 2216 1929 illud
2237 1872 2354 1952 poterat
2374 1865 2411 1930 ab
2429 1864 2498 1931 Au·

547 1955 609 2030 ste,
636 1947 686 2035 qui
715 1946 769 2013 sub
802 1948 971 2014 conditione
995 1949 1125 2013 nominis
1152 1948 1269 2013 ferendi
1295 1947 1451 2037 adoptatus
1478 1948 1596 2014 luisset.
1639 1944 1683 2013 dt
1709 1885 1787 2011 idda
1813 1947 1873 2011 Dio
1907 1946 2031 2013 Cassios
2052 1949 2141 2013 Libr.
2162 1948 2236 2013 LII.
2258 1970 2284 2013 c.
2305 1945 2357 2014 40.
2378 1947 2500 2015 inducit

541 2042 710 2098 aecenatem
732 2032 764 2096 iu
786 2034 855 2097 licta
875 2033 929 2097 illa
949 2034 1085 2097 oratione
1107 2033 1293 2122 pollicentem
1316 2032 1470 2121 Augusto:
1497 2028 1641 2098 δώσουσι
1661 2030 1724 2114 μέν
1745 2052 1803 2095 σοι
1825 2030 1889 2109 τόν
1910 2032 1970 2096 τοῦ
1991 2029 2247 2118 αὐτοκράτορος
2268 2033 2324 2112 (sc.
2347 2031 2498 2118 κλῆσιν),

506 2111 615 2201 ὥσπερ
640 2116 700 2179 καὶ
722 2117 768 2204 τῷ
790 2114 896 2203 πατρί
916 2139 977 2182 σου
999 2113 1145 2201 ἔδωκαν,
1173 2125 1204 2180 et
1225 2117 1356 2205 ejusdem
1381 2117 1472 2183 Libri
1493 2139 1518 2181 c.
1539 2113 1591 2182 41.
1614 2116 1767 2204 expvressis
1794 2116 1892 2181 verbis
1915 2126 2031 2200 narrat,
2058 2117 2228 2204 Augustum
2250 2139 2286 2181 eo
2307 2137 2402 2201 anuo,
2436 2138 2498 2207 qvia

507 2199 622 2269 Consul
643 2199 682 2270 V.
711 2201 817 2284 luerit,
847 2203 876 2267 b.
898 2224 926 2268 e.
948 2222 1026 2266 anuo
1050 2201 1088 2268 U.
1112 2201 1148 2268 C.
1169 2201 1242 2267 7⁸25.
1265 2223 1289 2267 s.
1312 2201 1364 2267 29.
1385 2224 1495 2267 nomen
1515 2200 1709 2290 Imperatoris
1741 2202 1954 2290 assumpsisse,
1982 2223 2044 2266 nou
2064 2202 2156 2288 Qquale
2178 2201 2338 2288 antiquitus
2368 2203 2498 2271 honoris

506 2307 612 2351 caussa
632 2286 777 2392 impertiri
798 2289 912 2350 soleret
932 2286 1053 2352 ducibus
1085 2287 1212 2352 hostium
1233 2287 1410 2368 victoribus,
1440 2286 1493 2351 sod
1522 2307 1578 2372 quo
1607 2285 1827 2371 significaretur
1852 2307 1966 2350 summa
1990 2286 2123 2384 imperii,
2149 2282 2189 2349 τό
2212 2283 2352 2372 κρότος,
2378 2279 2497 2374 ὥσπερ

508 2366 554 2433 τῶ
580 2391 685 2455 recepe
706 2366 810 2434 adsoni
831 2371 878 2456 τῷ
902 2367 1053 2454 Καίσαρι
1075 2371 1133 2433 καὶ
1156 2376 1222 2445 τοῖς
1242 2370 1340 2435 παισὶ
1368 2369 1429 2435 καὶ
1451 2370 1524 2445 τοῖς
1544 2367 1695 2453 ἐγγόνοις
1721 2365 1953 2454 declamatum)
1994 2369 2103 2435 Ilbrari
2131 2372 2227 2452 subit,
2257 2393 2309 2435 cur
2336 2372 2384 2437 Au
2448 2380 2498 2439 tus

506 2434 581 2522 illud
599 2457 667 2541 jure
689 2456 863 2520 hereditatis
885 2476 945 2520 non
967 2455 1126 2520 adsciverit
1146 2477 1211 2519 cum
1232 2457 1351 2520 noniine
1373 2454 1532 2536 Caesaris,
1561 2455 1588 2519 si
1609 2475 1669 2518 noir
1692 2452 1863 2537 Brundisii,
1885 2464 1966 2519 certe
1987 2453 2103 2519 Romae
2125 2456 2298 2519 conlimiata
2317 2476 2373 2544 per
2386 2393 2498 2542 ἵζοιο

507 2541 650 2603 curiatam
671 2538 838 2628 adoptione.
879 2540 1071 2605 Drumamius
1097 2541 1130 2605 iii
1152 2539 1236 2608 flist
1266 2539 1355 2605 Rom.
1377 2539 1447 2608 Vol.
1481 2539 1538 2604 111.
1567 2559 1597 2627 p.
1619 2537 1693 2605 001.
1715 2538 1754 2604 Ν.
1776 2536 1827 2603 03.
1858 2541 1923 2625 ejus
1950 2538 1995 2603 roi
2017 2561 2151 2604 caussam
2174 2540 2205 2603 iu
2227 2561 2262 2603 eo
2283 2540 2383 2639 punit,
2415 2538 2499 2628 quod

506 2622 581 2688 illud
593 2622 724 2773 Saplutus
746 2623 896 2691 decretum
916 2645 1015 2691 rerum
1032 2625 1127 2690 turbis
1144 2625 1310 2691 Dictatoris
1329 2623 1449 2690 caedem
1464 2623 1608 2690 insecutis
1621 2623 1737 2688 irritum
1757 2623 1876 2689 [uisam.
1916 2621 1953 2689 Id
1974 2623 2057 2709 mibi,
2078 2622 2231 2713 paccl'iri
2242 2624 2498 2710 eximiidixeiim,

507 2728 595 2774 secus
615 2709 645 2773 vi
665 2715 742 2774 etur.

659 2809 854 2876 Notissimum
877 2817 924 2876 est
945 2817 976 2875 et
996 2832 1015 2876 a
1035 2809 1135 2876 inultis
1157 2808 1355 2894 declaratum,
1377 2808 1548 2876 vocabulum
1570 2810 1767 2892 Imperatoris
1788 2808 1864 2898 apud
1886 2810 2040 2876 Romanos
2062 2816 2225 2899 temporum
2246 2831 2387 2878 successa
2408 2811 2498 2878 trila-

507 2893 582 2993 piam
605 2903 754 2993 acceptum
783 2897 933 2995 t'uisse.¹⁷)
957 2895 1109 2994 ’Primum'
1137 2896 1328 3043 sippificabat
1368 2917 1556 2982 uemcumque
1572 2894 1727 2993 ,exercitus
1758 2894 1881 2992 ducem,
1912 2895 1960 2993 qui
1989 2895 2061 2993 suis
2073 2895 2213 2984 auspiciis
2234 2916 2297 2959 rem
2319 2905 2446 2994 gereret
2459 2905 2500 2997 ‘et

508 2999 674 3128 imperium,
695 2979 725 3044 id
747 2987 804 3078 est,
822 3002 872 3066 Jus
893 2978 966 3044 belli
988 2979 1113 3078 gerendi
1133 2979 1172 3043 ba
1192 2988 1266 3046 eret
1309 2979 1428 3045 Deinde
1439 2978 1540 3078 ducem
1552 2977 1892 3077 victorem'designabat,
1914 3001 1963 3128 pii
1984 2980 2118 3045 hostibus
2140 3000 2249 3085 magnp
2269 2979 2385 3066 proebe
2405 2980 2498 3066 fusis,

508 3085 549 3129 mi
573 3073 632 3128 tum
654 3063 866 3129 acclamatione
887 3084 923 3128 eo
945 3084 1062 3128 nomine
1084 3062 1209 3128 affectus
1232 3071 1321 3129 esset.
1362 3062 1615 3129 declamationem
1637 3061 1761 3127 militum
1784 3085 1868 3150 sequi
1890 3062 1927 3127 de
1948 3065 2017 3128 ebat
2032 3063 2204 3163 approbatio
2222 3070 2351 3128 Senatus
2372 3062 2498 3130 decreta

509 3147 733 3238 supplicatione.
778 3147 844 3220 Quo
864 3149 944 3213 lacto
965 3148 1076 3213 licebat
1103 3147 1170 3213 duci
1195 3148 1300 3213 victori
1324 3149 1491 3213 nominibus
1517 3149 1580 3214 suis
1612 3147 1721 3212 addere
1749 3147 1864 3212 titulum
1889 3147 2109 3230 Imperatores,
2162 3168 2198 3213 uo
2221 3156 2320 3212 muneri
2340 3147 2427 3213 titulo
2450 3148 2499 3216 illi

509 3233 679 3382 neutippam
700 3231 818 3332 aliquod
840 3253 946 3299 novum
967 3234 1033 3319 jus,
1061 3231 1115 3298 sed
1143 3233 1238 3300 bonos
1260 3240 1373 3299 tantum
1397 3233 1566 3322 impertitus
1588 3239 1637 3299 est
1657 3233 1694 3297 ob
1715 3231 1858 3322 propulsa
1878 3253 1896 3297 a
1917 3233 2025 3298 finibus
2044 3171 2193 3382 pericula,
2216 3254 2300 3320 quae
2321 3232 2411 3299 saluti
2433 3233 2498 3299 Po·

532 3316 574 3382 uli
626 3319 726 3381 omani
746 3320 943 3383 imminerent.
957 3321 996 3402 ¹⁸)
1039 3317 1108 3384 Jaiu
1130 3318 1222 3383 cuivis
1247 3316 1367 3408 planum
1396 3319 1469 3400 erit,
1495 3317 1680 3404 Augustum,
1709 3339 1774 3383 ciim
1800 3316 1994 3383 hereditatem
2024 3320 2107 3382 aire
2133 3319 2356 3399 constituisset,
2384 3339 2497 3387 nomen

511 3400 585 3468 illud
607 3410 713 3500 neutro
734 3402 905 3490 significatu
927 3401 1095 3468 adsciscere
1116 3403 1250 3491 potuisse
1276 3404 1346 3489 quin
1375 3425 1436 3467 uon
1457 3411 1517 3467 tam
1540 3400 1637 3468 odiam
1656 3423 1746 3498 *quam
1769 3402 1864 3500 risum
1891 3403 2019 3469 omnium
2049 3403 2107 3467 sibi
2133 3402 2286 3468 contlaret.
2328 3401 2498 3490 Postquain

512 3494 627 3568 summ,
649 3486 796 3553 Cicerone
818 3485 977 3569 suadente,
999 3510 1017 3552 a
1039 3487 1154 3553 Senatu
1176 3486 1325 3551 decretum
1346 3488 1461 3567 fuerat,
1482 3495 1532 3567 ut,
1555 3508 1628 3573 quas
1650 3502 1710 3550 tum
1751 3495 1865 3550 rivatus
1888 3486 2069 3574 collegerat,
2092 3487 2261 3587 legionibus
2282 3495 2440 3576 praeesset
2460 3507 2498 3555 ae

511 3592 567 3663 pro
589 3570 735 3636 Praetore
757 3572 864 3636 bellum
887 3579 991 3636 contra
1010 3571 1056 3636 Μ.
1077 3570 1241 3670 Autonipm
1262 3580 1400 3670 gereret,
1421 3571 1584 3659 imperator
1605 3580 1672 3634 erat
1691 3591 1791 3660 priam
1812 3569 1894 3635 illius
1916 3571 2052 3636 vocabuli
2073 3580 2196 3637 notione
2224 3572 2253 3637 b.
2275 3593 2302 3636 e.
2324 3570 2385 3637 dux
2406 3592 2499 3638 exer·

512 3655 659 3737 citus,ivi
702 3678 738 3721 uo
760 3656 891 3722 Senatus
913 3655 1104 3745 Populusque
1125 3656 1260 3745 pubbcae
1282 3655 1389 3721 salutis
1410 3677 1493 3744 spem
1515 3655 1688 3744 reponebat.
1733 3653 1796 3721 Sed
1817 3654 1887 3719 data
1909 3655 1996 3721 simul
2018 3657 2046 3720 ei
2068 3669 2135 3720 erat
2155 3655 2283 3721 facultas
2323 3655 2498 3724 romereudi

512 3741 655 3807 bonorem
676 3677 758 3806 illius
781 3741 878 3825 tituli,
905 3764 961 3828 quo
990 3740 1049 3806 dux
1070 3742 1166 3805 victor
1193 3762 1212 3806 a
1237 3740 1380 3806 militibus
1401 3740 1528 3806 salutari
1549 3739 1675 3805 solebat.
1718 3740 1822 3827 Itaque
1845 3740 1954 3807 Cicero
1980 3740 2111 3829 Philipp.
2133 3739 2221 3809 XIV.
2249 3762 2275 3807 c.
2299 3676 2350 3806 10.
2372 3738 2410 3805 dc
2430 3741 2498 3809 Aa·

408 3831 410 3845 '
512 3833 602 3913 gusto
623 3825 685 3891 Pro
707 3833 840 3893 raetore:
873 3830 948 3911 „cai
969 3845 1065 3911 qaum
1085 3827 1249 3908 imperinm
1269 3828 1436 3908 debemus,
1463 3827 1569 3891 eodem
1594 3836 1728 3907 tempore
1754 3828 1847 3891 etiem
1875 3844 1958 3909 spem
1978 3828 2114 3891 nominis
2135 3826 2202 3908 ejus
2224 3826 2258 3907 (i.
2280 3845 2308 3890 e.
2329 3824 2499 3913 Imperato-

511 3912 569 3990 ris)
591 3848 832 3993 (0111οο0010οέι
873 3911 973 3998 Atque
994 3910 1109 3975 devicto
1138 3908 1175 4007 ad
1190 3910 1351 4008 'blotinam
1380 3911 1425 3975 M.
1453 3909 1585 3976 Antonio
1607 3910 1637 3973 lu
1662 3917 1786 3995 atoque,
1812 3930 1888 4008 nun·
1902 3909 1997 3975 solum
2019 3910 2138 3974 llirtius
2159 3918 2190 3974 et
2209 3908 2313 4007 Pausa
2334 3907 2499 3996 Consules,

512 3993 567 4062 sed
589 3997 677 4059 etiam
699 3995 854 4084 Augustus
876 3995 1075 4084 Propraetor,
1097 4015 1116 4057 a
1136 3993 1279 4058 militibus
1300 3995 1508 4077 Impera-tores
1530 3992 1651 4058 salutati
1672 4005 1742 4056 suut
1761 3996 1788 4057 is
1810 4017 1846 4059 ue
1868 3994 1970 4058 titulus
1993 3995 2142 4059 aSeuatu
2165 3992 2293 4057 decretis
2306 3992 2358 4060 00.
2379 3991 2498 4062 herum

514 4079 777 4180 supplicationibus
804 4081 1010 4160 confirmatos,
1035 4075 1180 4177 suadente
1202 4075 1349 4177 Cicerone
1364 4077 1501 4177 philipp.
1523 4076 1610 4147 XIV.
1638 4098 1664 4141 c
1686 4017 1815 4177 {lx-'ld
1839 4077 1878 4143 cl.
1904 4077 2005 4143 Dione
2027 4076 2115 4177 Cass.
2136 4077 2230 4176 Libit·
2247 4077 2366 4148 XLVI.
2392 4099 2420 4146 c.
2441 4076 2498 4150 38.

513 4162 603 4230 Hunc
624 4174 716 4228 icitur
738 4164 871 4247 titulum,
900 4185 985 4251 quem
1007 4162 1115 4230 Cicero
1141 4170 1259 4228 virtutis
1288 4171 1327 4226 et·
1344 4169 1487 4228 victoriae
1511 4182 1620 4228 nomeu
1649 4181 1717 4226 esse
1739 4159 1826 4244 dicit,
1855 4164 2010 4250 Augustus
2031 4184 2157 4254 primum
2179 4161 2247 4230 tulit
2266 4182 2372 4230 mense
2390 4161 2498 4256 Aprili

514 4269 542 4316 a.
565 4250 603 4317 U.
655 4299 664 4316 .
685 4247 758 4317 711.
779 4272 805 4317 s.
825 4246 879 4315 43.
900 4268 958 4314 uec
977 4255 1078 4339 potest
1098 4246 1227 4313 dubitari
1248 4247 1319 4335 quin
1340 4268 1407 4314 eum
1427 4268 1511 4312 more
1533 4253 1654 4336 recepto
1675 4247 1872 4337 usurpaverit.
1886 4247 1925 4332 19)

552 4534 558 4549 .
580 4466 626 4532 10)
635 4467 747 4547 'Nomen
765 4467 905 4549 Caesarie,
923 4467 1064 4549 proprium
1081 4466 1168 4535 gentis
1183 4466 1286 4535 duliae,
1303 4461 1357 4549 ιἰοιι
1374 4471 1481 4549 constet
1520 4465 1707 4549 Ι1.11ιι·.111.111.
1725 4482 1749 4520 c.
1766 4464 1809 4522 tt.
1825 4467 1861 4523 N.
1878 4467 1938 4522 m.
1955 4466 2016 4522 vni.
2033 4467 2112 4590 pr.
2128 4469 2188 4523 392.
2204 4468 2275 4522 Stra.
2291 4473 2321 4523 at
2342 4466 2499 4526 cre-m

513 4551 574 4660 111
583 4536 1481 4684 ttlltm.etthtbtttttstttml‘ttttettttuh
1521 4534 2071 4683 ttatttddhthdlttlitl
2088 4538 2501 4684 matthatiam:

514 4673 625 4738 collegit
646 4675 675 4724 et
693 4680 855 4751 examinavit
876 4673 1044 4753 Drumaunus
1066 4688 1096 4725 ιιι
1118 4672 1188 4725 IIist.
1234 4688 1286 4726 om.
1310 4672 1369 4726 vot
1390 4672 1435 4725 Ill.
1453 4689 1480 4740 p.
1521 4678 1654 4791 perstans
1670 4688 1699 4723 iu
1715 4673 1748 4723 D.
1765 4671 1800 4723 Ν
1815 4671 1846 4725 Ρ.
1864 4672 1897 4724 11.
1915 4674 1975 4726 Vol.
1992 4674 2016 4725 8.
2033 4689 2059 4740 p.
2075 4672 2231 4754 343-304.
2253 4674 2405 4741 appellasse
2425 4671 2501 4728 Phil.

513 4740 566 4793 110
582 4755 622 4807 tq.
640 4739 675 4792 ct'.
691 4741 881 4793 Doederlinius
901 4756 930 4794 ta
947 4742 1046 4807 Synna.
1064 4746 1092 4793 et
1107 4740 1193 4806 Iltym.
1210 4740 1241 4793 P.
1259 4740 1305 4792 Ill.
1322 4757 1347 4807 p.
1365 4739 1406 4793 17.
1423 4740 1481 4793 No·
1547 4739 1640 4793 diiard.
1651 4738 1816 4791 Huschluum
1833 4739 1868 4791 ad
1879 4741 1977 4791 Iaeeitt
1989 4741 2114 4792 Auctoris
2126 4743 2337 4807 Mupastrutitsta
2352 4748 2380 4794 et
2394 4740 2501 4793 Sacer·

388 4863 399 4877 Ι
514 4806 632 4864 bilitavit
647 4806 698 4860 boc
715 4824 811 4862 nomen
828 4806 944 4861 omnium
960 4808 1062 4876 primus
1079 4808 1111 4862 C.
1133 4808 1219 4861 Julius
1240 4808 1343 4861 Caesar
1358 4808 1482 4861 Dictator
1522 4806 1656 4859 datiarum
1673 4808 1702 4860 Ρ.
1719 4810 1753 4859 11.
1771 4807 1960 4873 depositiones
1982 4810 2054 4860 laed.
2072 4807 2199 4874 (Vrutlsl.
2217 4806 2304 4874 1820.)
2320 4825 2347 4878 p.
2363 4805 2501 4879 n-ae,

514 4881 544 4932 et
558 4890 609 4944 per
631 4875 803 4957 adoptionem
825 4876 861 4929 ad
884 4877 1032 4943 Augustum
1055 4877 1211 4929 translatum
1235 4880 1333 4928 mutam
1357 4891 1406 4943 per
1422 4891 1484 4929 eum
1524 4890 1577 4942 quo
1595 4889 1673 4927 nemo
1690 4874 1812 4927 subtilius
1829 4880 1857 4926 et
1873 4874 1977 4927 doctius
1994 4889 2027 4926 ea
2044 4877 2078 4927 de
2096 4891 2126 4927 re
2143 4875 2258 4943 scripsit.

514 4942 620 5012 accepit
638 4948 803 5009 meJestatem
826 4960 858 4996 ac
873 4942 928 4997 vim
945 4942 1113 5010 historicam,
1136 4948 1261 5011 quautam
1283 4944 1385 4996 nullum
1409 4943 1485 4997 aliud
1593 4942 1640 5011 18)
1657 4942 1750 4995 Omnis
1766 4942 1808 4995 vis
1825 4947 1853 4995 et
1869 4942 2028 5008 significatio
2044 4941 2318 5004 imosdtuhreditad
2332 4939 2501 5011 primitivam

514 5011 652 5080 accepisse
669 5016 696 5064 et
706 5028 754 5079 per
763 5013 930 5064 saeculorum
942 5013 1082 5064 decursum
1093 5011 1235 5063 mansisse
1247 5011 1377 5063 novimus.
1412 5011 1484 5065 Vere
1544 5011 1712 5078 ropriainque
1734 5026 1760 5065 v.
1781 5011 1889 5076 imperti
1912 5009 2059 5077 achonem,
2090 5027 2168 5078 quam
2191 5016 2318 5079 peracute
2338 5010 2503 5077 exptnmrit

514 5079 673 5149 Spartianus
690 5078 718 5131 iu
734 5081 793 5133 Aet
811 5081 882 5131 Vero
899 5095 922 5132 c.
940 5080 964 5134 1.
982 5081 1102 5149 appellat
1120 5080 1249 5143 „elerum
1272 5086 1299 5132 et
1322 5080 1484 5133 duraturam
1524 5027 1704 5131 lluscbkiust.
1719 5093 1742 5131 c.
1755 5096 1780 5146 p.
1796 5078 1831 5131 te
1847 5093 1905 5146 sqq.
1940 5078 2043 5133 Quodsi
2056 5086 2143 5131 autem
2157 5079 2203 5131 Vir
2221 5076 2389 5132 doctissimus
2405 5094 2436 5146 p.
2451 5077 2502 5135 85.

514 5161 574 5202 esav
589 5148 750 5201 aeternitate
765 5148 857 5199 maedi
872 5151 998 5201 aomea.“
1097 5169 1105 5176 ·
1524 5146 1674 5212 contendit,
1696 5161 1794 5198 nomen
1814 5147 1986 5212 Imperatoria
2003 5162 2190 5215 nonnunquam
2211 5146 2346 5215 accepisse
2362 5159 2427 5212 eoa,
2451 5143 2503 5214 qui

583 5215 630 5284 lt)
646 5215 768 5269 Sturaios
790 5214 817 5269 b.
840 5216 859 5269 l.
883 5215 969 5268 edidit
988 5215 1047 5273 asi,-
1062 5206 1201 5280 tardasse,
1222 5212 1287 5269 lieet
1307 5230 1390 5283 supra
1406 5213 1483 5268 Lmr.
1524 5212 1639 5281 aliquam
1656 5212 1819 5282 provinciam
1836 5231 1896 5267 cum
1913 5212 2024 5282 imperio
2042 5215 2219 5267 obtinuissent
2233 5215 2323 5282 ibique
2337 5212 2395 5266 sirie
2405 5227 2503 5267 amo·

514 5283 646 5339 xenec.
659 5282 701 5337 44.
720 5283 872 5336 remouisset
886 5285 948 5338 lect.
964 5281 1030 5340 τοὺς
1044 5278 1187 5348 ἐγγόνους.
1222 5283 1262 5335 De
1275 5288 1388 5349 utroque
1401 5297 1485 5335 voca-
1524 5296 1583 5333 rom
1599 5297 1649 5333 usu
1666 5288 1694 5333 et
1709 5280 1822 5333 hostium
1840 5284 1924 5335 caede
1940 5282 2079 5349 imperium
2091 5284 2122 5335 P.
2134 5284 2166 5336 11.
2184 5282 2316 5335 incolume
2332 5287 2503 5352 urium,

515 5351 579 5406 balo
596 5352 729 5406 subtiliter
744 5350 955 5405 dissemitCAE.
968 5349 1033 5404 Chr.
1050 5349 1229 5405 Schneiderus
1247 5345 1483 5403 adl’tatouis'l’o-
1524 5348 1553 5401 id
1576 5354 1649 5401 certe
1671 5365 1725 5401 ιιοιι
1749 5349 1822 5401 eadit
1843 5349 1872 5401 in
1893 5351 1925 5404 C.
1947 5351 2102 5416 Octauium,
2124 5350 2239 5417 Augusti
2259 5354 2378 5417 patrem,
2401 5363 2520 5418 aquo.

514 5418 555 5474 lit.
571 5418 645 5473 Lihr.
666 5420 699 5472 11.
716 5421 776 5473 Vol.
794 5420 818 5471 1.
835 5436 863 5488 p.
879 5417 953 5483 131,
970 5435 1048 5498 quem
1065 5435 1117 5484 ego
1140 5424 1246 5471 secutus
1268 5420 1353 5470 altero
1377 5433 1483 5486 quoquc
1524 5417 1622 5470 Bessos
1639 5422 1667 5469 et
1683 5416 1804 5470 Thraces
1820 5432 1918 5483 niagno
1935 5419 2039 5486 proelio
2055 5418 2131 5471 susos
2148 5433 2208 5472 esse
2229 5423 2324 5472 auctor
2339 5422 2381 5472 snt
2396 5418 2500 5472 Saeto-

514 5485 609 5543 bisin
630 5487 692 5540 loco
712 5489 769 5546 τοῖς
791 5480 918 5553 ἐγγόνοις
933 5485 1103 5539 scribendum
1123 5501 1183 5539 ease
1206 5485 1311 5553 censui,
1334 5484 1358 5539 si
1375 5486 1482 5555 quidem
1524 5485 1584 5537 aina
1599 5485 1669 5550 Aug.
1687 5501 1711 5540 c.
1728 5485 1754 5539 3.

515 5557 576 5611 ntro
595 5566 628 5606 ue
643 5554 704 5607 loen
721 5555 756 5608 de
772 5556 867 5608 eedem
883 5571 913 5608 ie
928 5569 1017 5607 senno
1033 5559 1084 5609 est.
1593 5552 1640 5619 19)
1657 5551 1767 5606 Tacitus
1783 5554 1853 5606 Anii.
1870 5551 1944 5605 Libr.
1959 5553 1980 5605 1.
1993 5568 2016 5608 a
2029 5552 2055 5606 9.
2066 5557 2093 5605 et
2107 5553 2161 5606 Dio
2179 5552 2289 5608 Cassius
2304 5549 2381 5607 Libe.
2395 5551 2456 5610 tit.
2472 5566 2503 5610 e·

577 5570 629 5688 17)
646 5621 683 5676 Ut
698 5636 732 5676 ae
744 5638 791 5677 eos
808 5622 851 5678 hic
861 5621 1003 5693 nemmem,
1019 5619 1237 5692 qnosFabricius
1253 5620 1288 5675 ad
1299 5619 1481 5678 atoniacam.
1523 5619 1566 5676 41.
1584 5621 1700 5690 uadunt,
1716 5621 1865 5690 Augustum
1881 5621 1961 5673 semel
1977 5628 2004 5676 et
2020 5622 2101 5677 uetes
2119 5620 2172 5677 boc
2187 5636 2285 5677 nomeu
2302 5619 2503 5692 vimoiiimr-
2549 5635 2558 5649 ·
