5717 6575
473 626 551 705 ,ιι
960 547 965 553 ’
1146 556 1222 681 x⁹1.
1264 606 1325 679 ιι
1357 606 1573 718 cssssms
1599 608 1794 681 sucossi

652 804 755 906 Quos
779 806 920 904 praeter
948 795 1206 901 Apollodorum
1230 796 1406 877 rhetorem
1435 798 1580 876 comites
1595 869 1597 872 .
1612 823 1732 875 secum
1768 799 1813 877 ab
1843 797 1942 876 Urbe
1969 793 2132 877 eduxerit
2153 797 2365 905 Augustus,
2403 824 2499 882 nus·

499 952 611 1032 quem
644 926 954 1000 commemoratum
985 919 1202 1021 reperimusr
1215 925 1219 932 “
1234 915 1402 994 credibile
1436 925 1557 996 autem
1591 927 1667 1015 est,
1694 919 1791 994 haud
1829 917 2010 996 modicum
2037 920 2150 996 luisse
2172 924 2252 1021 ejus
2278 924 2499 1003 comiatum.

502 1050 614 1125 Teste
654 1042 845 1144 Appiano,
883 1064 965 1113 eum
992 1047 1033 1113 ut
1056 1046 1245 1141 cognatum
1268 1037 1353 1115 Julii
1382 1036 1570 1135 Caesaris,
1609 1063 1782 1119 concursu
1805 1039 1980 1141 frequenti
2008 1039 2219 1140 Apolloniae
2252 1051 2496 1121 convenerunt

499 1171 581 1244 τῶν
601 1158 803 1265 ἡγεμόνων
826 1162 897 1233 τοῦ
920 1152 1086 1256 στρατοῦ
1112 1182 1232 1244 τινες,
1265 1181 1355 1258 quos
1384 1181 1466 1233 oum
1491 1157 1634 1233 comiter
1665 1184 1789 1234 omnes
1819 1160 2019 1259 exciperet,
2050 1185 2124 1235 non
2156 1163 2275 1235 solum
2300 1168 2407 1238 notus
2434 1162 2499 1239 in-

499 1284 547 1363 de
570 1280 762 1377 meroitui,
788 1274 980 1354 sedetiam
1002 1276 1180 1379 gratiosus
1200 1275 1315 1352 lactus
1336 1282 1404 1351 est.
1453 1275 1535 1355 Jarn
1559 1276 1664 1352 facile
1688 1276 1769 1379 quis
1793 1279 1920 1378 poterit
1941 1276 2077 1375 induci,
2103 1285 2144 1353 ut
2162 1279 2245 1355 illos
2268 1280 2361 1357 inter
2385 1305 2499 1358 exer-

500 1405 594 1488 citus
617 1401 727 1477 duces
749 1398 864 1473 luisse
883 1395 1002 1471 credat
1022 1403 1067 1485 Q.
1086 1400 1336 1475 &maenum
1353 1397 1499 1497 Rufum
1519 1403 1555 1471 ot
1576 1403 1631 1474 Μ.
1656 1405 1873 1496 Vipsanium
1889 1402 2104 1499 Agrippam.
2154 1397 2243 1494 Nec,
2267 1397 2376 1476 rebus
2399 1406 2498 1477 tem-

500 1522 719 1631 poribusque
751 1517 928 1594 subtiliter
959 1515 1146 1618 quaesitis,
1199 1513 1392 1618 quidquem
1422 1513 1588 1615 probibet
1613 1540 1682 1616 quo
1705 1516 1825 1591 minus
1845 1503 2038 1616 ubumque
2059 1518 2221 1616 ιιιιιιιιιι
2243 1521 2414 1618 juvenen
2434 1544 2498 1598 aa·

501 1632 2498 1738 mimicamnspsusquamsugmsum,sinoninsuics,oers0inffispmnsseurumsm,a

501 1771 596 1858 ιιιιι,
617 1759 746 1860 adepto
770 1755 992 1849 Tribunatu,
1017 1753 1217 1829 cohortibus
1240 1753 1438 1854 praefuisse
1459 1760 1668 1831 statuemus.
1728 1755 1779 1831 At
1810 1781 1892 1831 oum
1918 1754 2078 1856 Velleius
2098 1757 2238 1832 Patere.
2254 1755 2359 1856 Libr.
2385 1757 2437 1834 Π.
2463 1783 2495 1834 c.

501 1885 564 1960 59.
590 1891 625 1973 5.
646 1881 684 1956 5.
710 1874 806 1953 baud
830 1874 980 1949 obscure
1003 1871 1197 1975 significet,
1223 1871 1462 1949 Salvidienum
1484 1880 1521 1948 et
1544 1873 1744 1975 Agrippam
1768 1876 1895 1950 artiore
1917 1900 2027 2013 quam
2056 1882 2215 1951 caeteros
2247 1902 2369 1952 omnes
2390 1875 2498 1951 fami-

502 2001 655 2077 liaritate
675 2004 711 2072 et
733 2020 804 2070 usu
828 2019 911 2069 cum
934 1991 1099 2093 Augusto
1126 1994 1329 2090 conjunctos
1354 1991 1483 2088 luisse,
1522 2017 1594 2066 non
1616 1990 1679 2066 abs
1700 2019 1745 2087 re.
1766 1993 1876 2069 luerit
1900 1993 2100 2094 suspicari,
2132 1995 2214 2071 illos
2240 1994 2287 2070 ob
2307 1995 2500 2095 pristinam

502 2120 796 2197 nutrimentorum
833 2115 1048 2210 luscumque
1076 2112 1266 2212 puerilium
1298 2109 1587 2186 ιοιιιιιιιιιιιιιιι
1623 2110 1669 2185 ab
1698 2111 1806 2186 boo
1794 2136 1872 2212 ipso
1892 2112 2009 2187 Itonia
2037 2112 2211 2190 abductos
2245 2140 2321 2219 ac,
2357 2114 2499 2189 volente

502 2235 738 2332 munaulo,
725 2260 766 2309 ιι
789 2231 1056 2308 marcersium
1077 2230 1346 2329 convictumque
1366 2237 1568 2331 assumptos
1590 2242 1681 2306 esse.
1732 2229 1809 2307 Sed
1832 2230 2000 2333 quidquid
2023 2235 2103 2332 ejus
2126 2232 2353 2333 suspicionis
2359 2238 2434 2330 est,
2459 2231 2499 2308 id

502 2384 584 2436 mm
604 2381 653 2431 cx
677 2354 755 2428 aliis
778 2350 909 2447 robus,
939 2355 1016 2423 tum
1039 2373 1088 2423 ex
1107 2357 1252 2450 postera
1282 2349 1468 2450 ubiusque
1498 2349 1570 2423 rita
1593 2348 1816 2488 intelligitur,
1849 2358 2015 2427 neuram
2036 2351 2236 2428 studiorum
2257 2352 2500 2429 comminuam

502 2500 632 2556 caussa
656 2470 867 2573 Apolloniae
889 2475 1067 2543 versuum
1088 2493 1168 2543 esse
1192 2493 1273 2542 cum
1306 2468 1496 2568 Augusto,
1523 2494 1629 2569 quem
1650 2470 1727 2542 et
1715 2495 1836 2569 ipsum
1861 2468 2012 2546 vidimus
2034 2472 2226 2571 plurimam
2249 2471 2430 2547 semestris
2451 2471 2500 2546 il·

502 2599 575 2675 lius
598 2593 771 2692 temporis
794 2587 966 2688 partem
953 2613 994 2662 m
1016 2586 1123 2661 armis
1148 2583 1342 2663 nectendis
1366 2584 1610 2689 obeundisque
1641 2612 1713 2663 non
1747 2585 1848 2664 ducis
1878 2590 1993 2690 magis
2019 2615 2126 2691 quom
2144 2591 2265 2666 militis
2289 2588 2498 2673 muneribus

503 2735 713 2795 consumere
734 2708 933 2809 oportuisse
943 2704 1009 2802 ⁵¹)

479 2914 482 2920 ¹
658 2825 754 2903 Illud
772 2832 891 2901 antem
908 2831 1049 2924 tempus
1070 2823 1298 2923 quantumvis
1316 2823 1425 2900 breve
1444 2824 1536 2900 bano
1557 2832 1696 2922 ιιιιιι,
1718 2851 1826 2927 quam
1845 2812 1960 2904 Julius
1979 2825 2114 2902 Caesar
2131 2826 2386 2928 spectabat,
2351 2854 2424 2903 ιιιι
2440 2825 2499 2903 ιι-

503 2952 608 3031 detur
630 2947 817 3042 babuisse,
839 2951 900 3039 ut,
925 2970 985 3044 ιιιι
973 2941 1118 3018 ‘adbuc
1136 2943 1261 3018 luisset
1282 2942 1483 3028 valetudine
1503 2944 1727 3040 imbecillior,
1755 2951 1791 3019 et
1809 2970 1939 3046 corpus
1962 2945 2092 3021 babere
2112 2947 2287 3046 coepisset
2304 2945 2499 3024 tolerandis

502 3071 584 3149 balb
602 3065 780 3144 laboribus
798 3066 911 3140 multo
928 3061 1103 3158 babillus,
1124 3069 1162 3137 et
1184 3064 1341 3138 animum
1359 3061 1486 3138 adres
1513 3063 1749 3165 capessendas
1767 3065 1945 3166 aliquanto
1968 3066 2138 3165 aptiorem
2154 3090 2195 3140 ac
2213 3066 2498 3167 propensiorem.

504 3189 633 3290 Neque
660 3183 943 3283 enimcuiquam
968 3180 1118 3255 dubium
1154 3182 1224 3257 elit
1253 3183 1338 3283 ιιιιι
1377 3183 1557 3284 legionum
1590 3184 1648 3258 isti
1681 3182 1786 3258 duces
1827 3191 1862 3259 et
1889 3183 2078 3284 praelecti,
2116 3184 2179 3286 ιιι
2212 3210 2295 3260 eum
2330 3185 2498 3262 avunculi

504 3310 618 3414 gratia
641 3303 825 3406 diligenter
842 3301 1052 3376 observasse
1081 3325 1123 3375 ac
1143 3303 1292 3377 coluisse
1313 3302 1496 3399 feruntur,
1525 3304 1680 3403 itemque
1708 3304 2011 3380 contubernalium
2041 3304 2200 3379 nonnulli
2221 3305 2309 3383 Julii
2333 3304 2498 3382 Cameris

505 3433 657 3531 cognato
676 3429 805 3523 suopte
821 3428 949 3519 natura
963 3422 1040 3519 jam
1070 3416 1116 3494 ad
1141 3446 1279 3496 summa
1308 3446 1471 3522 quaeque
1491 3420 1686 3523 adspiranti
1707 3414 1809 3497 dictis
1833 3422 2003 3524 lactisque
2021 3424 2235 3499 nutrimenta
2254 3425 2499 3527 suggesserint

505 3554 542 3623 et
564 3543 745 3620 uberrima
773 3549 810 3616 et
830 3563 916 3615 vero
945 3536 1113 3613 etiamad
1134 3541 1290 3616 animum
1311 3543 1388 3640 ejus
1413 3540 1603 3616 ambitione
1625 3542 1798 3615 immensa
1816 3548 1851 3616 et
1870 3539 2077 3616 dominandi
2095 3543 2284 3643 cupiditate
2309 3544 2499 3619 stimulan-

505 3666 594 3741 dum
612 3661 864 3737 efficacissima.
913 3659 994 3735 fluo
1009 3657 1196 3735 accedebat
1219 3660 1258 3735 in
1277 3657 1405 3734 eadem
1422 3661 1488 3735 dla
1508 3660 1659 3736 statione
1686 3658 1930 3761 Apolloniensi
1951 3662 2171 3737 couvematio
2197 3662 2381 3737 bonsinum
2406 3663 2498 3738 istas

507 3784 615 3861 animi
631 3783 780 3858 virtutes
800 3778 917 3855 nescio
943 3776 1059 3852 dicam
1085 3804 1133 3854 an
1155 3778 1240 3854 vitia
1262 3778 1441 3854 indecoris
1468 3775 1730 3855 adulationibus
1750 3787 1787 3855 et
1806 3781 2003 3881 parasiticis
2023 3781 2315 3857 assentationibus
2336 3805 2499 3857 corrasu-

506 3904 689 4007 pontium:
721 3923 791 4000 quo
809 3895 1034 3971 referendum
1053 3922 1131 3972 esse
1148 3904 1234 3997 puto
1253 3896 1359 3993 illud,
1381 3896 1476 3999 quod
1501 3899 1548 3996 ei,
1571 3899 1735 4001 Agrippa
1757 3899 1964 3995 comitante,
1985 3899 2193 4000 Apolloniae
2212 3899 2311 4001 apud
2328 3900 2498 4002 Tbeoge-

506 4049 589 4101 nem
606 4017 898 4116 Mediomaticum
925 4016 1085 4090 evenisse
1110 4023 1231 4090 narrat
1250 4015 1444 4093 Suetonius
1469 4042 1501 4092 c.
1525 4021 1589 4094 94.
1639 4016 1777 4118 Quibus
1801 4016 1964 4093 omnibus
1987 4019 2054 4094 rito
2082 4018 2279 4095 observatis
2306 4020 2498 4119 complura,

509 4165 602 4245 qaae
620 4143 658 4214 in
674 4138 749 4213 rita
773 4133 930 4237 Augusti
951 4134 1151 4234 insequenti
1171 4140 1206 4208 et
1223 4133 1426 4211 offensionis
1443 4143 1480 4211 et
1504 4132 1653 4210 invidiae
1671 4136 1791 4235 plena·
1805 4143 1907 4233 sunt,
1930 4136 2033 4214 nobis
2059 4163 2140 4214 cum
2165 4136 2212 4213 ad
2231 4134 2499 4240 intelligendum

507 4272 584 4338 tum
600 4257 647 4337 ad
664 4251 908 4333 excusandum
927 4253 1093 4353 proniora
1116 4278 1157 4328 ac
1176 4252 1332 4329 fasidem
1357 4260 1471 4329 erunt

1442 4422 1562 4533 §.8

660 4581 898 4677 Posteaquam
914 4575 1111 4652 nuntiatum
1133 4581 1188 4652 est
1210 4574 1256 4652 de
1279 4573 1387 4683 caede
1411 4575 1497 4653 Julii
1513 4574 1692 4673 Caesaris,
1722 4577 1883 4676 protinus
1904 4578 2179 4679 praemissarum
2205 4578 2387 4681 legionum
2412 4601 2501 4653 ceu·

510 4705 667 4786 tationes
684 4723 783 4774 suam
799 4721 1019 4807 suorumque
1028 4696 1176 4770 militum
1188 4720 1334 4797 operam
1350 4693 1516 4799 Augusto
1530 4687 1797 4796 pollicebantur,
1814 4720 1961 4797 mmque
1972 4723 2044 4772 non
2059 4694 2294 4798 spernendam
2307 4722 2384 4781 esse
2399 4695 2501 4772 dice-

382 4885 385 4889 .
509 4827 594 4905 hant
608 4817 774 4921 Agrippa
795 4822 834 4890 et
852 4791 1086 4907 Salvidienus,
1107 4821 1251 4889 auctme
1271 4813 1408 4916 Vellejo
1427 4815 1567 4891 Patere.
1584 4805 1684 4890 Libr.
1700 4814 1748 4888 Π.
1765 4841 1797 4890 c.
1812 4818 1874 4893 59.
1894 4826 1927 4906 §
1942 4817 1978 4893 5
2006 4816 2191 4918 Augustus
2206 4841 2289 4891 rero
2302 4842 2373 4890 non
2389 4812 2499 4892 modo

510 4941 704 5021 haesitabat
722 4935 839 5010 animo
865 4930 948 5035 quid
972 4933 1106 5008 consilii
1128 4940 1287 5035 caperet,
1309 4933 1373 5009 scd
1398 4932 1561 5034 parebat
1570 4934 1687 5014 etiam
1699 4941 1734 5009 et
1755 4933 1969 5038 angebatur,
1997 4935 2210 5036 praesertim
2235 4960 2317 5012 cum
2339 4929 2502 5011 nondum

511 5058 761 5164 comperisset,
786 5078 874 5127 num
890 5050 1029 5127 decreto
1048 5050 1225 5149 Senatus,
1248 5079 1293 5127 an
1308 5078 1504 5155 paucorum
1527 5053 1784 5153 conspiratione
1801 5050 1926 5129 caedes
1943 5062 2144 5155 perpetrata
2162 5054 2301 5130 luisset.
2352 5053 2435 5155 Qua
2450 5051 2503 5132 de

511 5209 554 5261 re
569 5186 651 5258 aum
666 5174 795 5252 certior
816 5171 927 5247 lactus
948 5178 1061 5268 esset,
1085 5174 1263 5273 extemplo
1286 5173 1484 5268 constituit,
1504 5172 1699 5273 Apollonia
1720 5173 1862 5269 rebcta,
1887 5172 2040 5248 Romam
2065 5170 2287 5249 contendere.
2337 5172 2502 5250 Tametsi

337 5323 348 5340 ‘
512 5301 677 5405 Agrippa
696 5295 824 5442 aliique
839 5287 1053 5387 suadebant,
1075 5299 1116 5365 ut
1136 5292 1322 5394 legiones
1311 5317 1349 5366 m
1364 5288 1572 5367 Macedonia
1593 5290 1782 5369 hiemantes
1798 5289 1914 5367 adiret
1935 5292 2076 5366 militari
2095 5296 2315 5369 sacramento
2330 5290 2503 5396 obligatas

578 5519 684 5584 bulte
668 5514 898 5579 small-§altaserra
912 5511 1026 5580 llssoef
1010 5510 1206 5577 metallice
1206 5493 1485 5581 tospmppqdpol·
1523 5477 1863 5577 Αιιιιιιιιοοιιιιιιᾶιιι
1846 5510 2507 5602 eopsssspretiumrisumestsmadasall·

510 5602 676 5664 lanionibus
702 5598 890 5668 Augusticon
838 5595 1084 5665 massmannus,
1110 5610 1255 5666 eorummqe
1239 5596 1484 5654 sermome
1524 5610 1588 5654 aare
1601 5595 1863 5653 islmllxomlll.
