5717 6575
1192 612 1341 705 mama
1362 633 1423 705 nn
1446 635 1555 709 uus
1577 630 1680 708 sur:
1887 617 1890 624 '
2143 697 2148 700 .
2228 576 2235 583 ¹
2358 645 2435 724 213

430 816 714 907 Triumuiratum
738 826 982 907 sufficiebant!
1015 825 1096 907 lam
1119 826 1192 906 sine
1214 849 1312 902 nexu
1336 825 1522 901 commodo
1547 832 1752 902 attexuntur
1773 827 1861 904 baec
1882 829 2010 909 verba:
2033 831 2106 930 „ln
2128 829 2251 910 eadem
2273 830 2339 912 bac
2360 856 2430 938 pus

429 959 557 1029 testate
582 952 768 1053 multiplici
795 952 955 1053 flagravit
978 950 1147 1027 invidia.“
1181 949 1271 1049 Quis
1286 949 1352 1024 lroo
1366 948 1526 1043 miretur,
1551 947 1691 1048 prodita
1711 949 1839 1024 tutoris
1864 951 2029 1048 saisita,
2054 962 2095 1028 ut
2115 955 2296 1031 Ciceronis
2318 961 2428 1034 vitam

428 1068 596 1155 accam?
632 1071 770 1173 Ecquid
793 1069 936 1148 tandem
962 1097 1053 1174 opus
1076 1076 1152 1149 erat
1175 1069 1279 1144 novis
1304 1068 1519 1145 crudelitatis
1546 1069 1742 1168 exemplis,
1760 1071 1977 1169 ¹praesertim
2000 1075 2073 1170 eis,
2099 1100 2190 1177 quae
2214 1102 2280 1152 sua
2302 1085 2428 1153 natura

428 1192 589 1296 juvomlis
613 1193 731 1293 patius
757 1192 983 1293 impotentiae
1009 1199 1118 1293 atque
1145 1188 1365 1286 iracundiae,
1401 1215 1507 1291 quam
1532 1188 1759 1264 triumviralis
1788 1191 1980 1267 atrocitatis
2003 1199 2057 1288 et,
2086 1219 2176 1295 quaa
2202 1195 2426 1297 proscribere

429 1317 565 1409 soleat,
606 1314 787 1413 potatlatls
817 1310 1029 1389 documenta
1061 1311 1132 1386 dici
1159 1309 1365 1410 haberique
1385 1304 1561 1411 possunt?
1598 1310 1793 1387 Suetonius
1825 1320 1988 1413 supra'c.
2015 1315 2078 1392 26.
2101 1326 2319 1412 narraverat,
2354 1343 2425 1419 quo
2515 1296 2519 1318 ¹

408 1433 535 1515 ⁴rraedo
560 1433 749 1535 Augustus
764 1431 994 1512 Consulatum
1010 1433 1209 1526 invasimet,
1232 1457 1273 1506 ac
1301 1432 1438 1532 quoties
1453 1438 1488 1506 et
1507 1437 1593 1532 quot
1614 1455 1788 1532 quemque
1807 1457 1949 1508 menses
1963 1431 2108 1536 diesque
2124 1438 2294 1536 gessisset
2314 1458 2426 1539 quove

429 1553 565 1633 adisset
589 1555 667 1629 loco
693 1551 881 1652 diligenter
904 1559 1106 1647 notaverat3
1133 1551 1198 1628 sed
1224 1576 1293 1652 qua
1317 1551 1457 1629 rabone
1479 1552 1635 1652 primum
1660 1554 1817 1627 omnium
1836 1552 2068 1652 Consulatum
2088 1557 2227 1655 juvenis
2243 1559 2306 1631 vix
2318 1542 2320 1547 ’
2331 1556 2426 1632 vica·

427 1675 553 1758 uerita
568 1671 891 1766 adminstrariaset,
918 1699 966 1749 ne
983 1673 1090 1750 verbo
1113 1670 1256 1774 quidcm
1273 1670 1513 1749 admonuerat.
1538 1672 1615 1753 lloc
1638 1698 1709 1769 mc,
1735 1671 1894 1750 modeste
1913 1673 2038 1771 fauor,
2062 1675 2288 1752 vehementer
2313 1675 2426 1753 olien-

428 1793 481 1870 dit
505 1801 542 1873 et
567 1791 703 1888 aaa,
743 1791 830 1892 quid
864 1793 1037 1895 suspicer.
1087 1794 1170 1869 Non
1194 1793 1346 1867 multum
1371 1791 1490 1887 abest,
1526 1791 1612 1893 quin
1634 1798 1746 1868 totum
1770 1794 1836 1869 boc
1861 1802 2103 1895 segmentum,
2136 1793 2235 1897 quod
2269 1792 2426 1896 prudens
2544 1841 2550 1849 ·

428 1912 604 2014 descripsi
634 1914 828 2013 integrum,
863 1915 946 1990 olim
971 1939 1003 1988 c.
1025 1914 1089 1991 26.
1113 1919 1197 2012 post
1224 1911 1379 1989 Cornelii
1404 1912 1618 1988 centurionis
1643 1938 1855 2015 responsum
1879 1916 2010 1989 lectum
2035 1940 2116 1991 esse
2142 1916 2305 2016 suspicer
2328 1939 2427 1990 eam·

428 2059 499 2138 que
524 2028 732 2110 ἀσονεσίαν
757 2032 899 2111 minime
932 2033 1002 2134 ipsi
1028 2031 1220 2126 Suetonio,
1256 2030 1322 2109 sed
1354 2031 1581 2109 librariorum
1614 2034 1752 2135 stupori
1784 2039 1819 2108 et
1851 2035 2049 2110 oscitantiae
2079 2033 2320 2138 imputandam
2343 2058 2427 2111 essa

427 2153 595 2232 arbitrer.
645 2149 826 2231 iudicium
854 2159 930 2232 esto
962 2177 1074 2254 penes
1106 2148 1303 2231 doctiores!
1345 2153 1410 2227 His
1445 2151 1607 2227 omnibus
1638 2155 1693 2230 bic
1724 2152 1872 2230 sublatis
1897 2160 1933 2230 et
1961 2182 1993 2231 ο.
2016 2158 2080 2234 26.
2111 2155 2315 2257 postliminii
2346 2157 2428 2256 jure

428 2274 599 2374 repositis
625 2272 743 2347 omnia
766 2273 859 2346 inter
882 2297 924 2347 se
950 2279 1033 2371 apte
1057 2271 1245 2347 cohaerent
1262 2297 1309 2351 aa
1332 2271 1505 2347 conamus
1528 2271 1630 2348 santi
1662 2274 1720 2349 De
1743 2275 1857 2375 primo
1883 2275 2078 2353 Consulatu
2102 2282 2198 2353 recte
2224 2275 2331 2365 scribi
2359 2301 2429 2375 po·

428 2400 542 2483 terat:
566 2401 635 2490 „in
661 2397 788 2470 eudem
810 2396 880 2470 ίισσ
893 2393 1103 2490 potestate“
1127 2391 1151 2469 i.
1168 2416 1200 2467 e.
1225 2392 1263 2466 in
1288 2391 1494 2487 Consulatu,
1533 2391 1573 2466 in
1609 2418 1679 2493 quo
1709 2393 1866 2495 gerendo
1896 2391 2035 2496 oportet
2063 2395 2236 2497 docetque
2275 2396 2427 2469 aliorum

428 2513 523 2590 vitae
561 2518 599 2588 et
637 2512 745 2588 saluti
788 2511 950 2607 consuli,
1008 2510 1195 2612 Augustus
1233 2510 1274 2585 in
1314 2511 1544 2611 multiplicem
1571 2511 1788 2589 incurrebat
1827 2514 1994 2590 invidiam
2041 2540 2122 2591 aum
2162 2524 2308 2618 propter
2355 2513 2425 2589 alia

428 2629 681 2726 temeresacta,
704 2639 780 2707 tum
805 2630 964 2732 inprimis
990 2639 1138 2730 propter
1162 2630 1364 2732 praecipitis
1386 2630 1547 2707 facinora
1577 2631 1666 2728 irae,
1694 2658 1762 2733 qun
1787 2658 1830 2709 se
1855 2634 1970 2734 abripi
1995 2659 2124 2735 passus
2148 2643 2215 2711 aa
2265 2634 2322 2712 Ne
2345 2636 2427 2710 lou·
2569 2739 2576 2745 Ι

428 2777 500 2857 gns
534 2751 621 2847 aim,
654 2751 722 2824 alia
756 2777 850 2827 nunc
883 2751 1063 2845 omittam,
1104 2750 1233 2850 quibus
1265 2751 1351 2826 baec
1384 2751 1649 2852 qualiscumque
1678 2752 1837 2852 suspicio
1861 2761 1897 2828 et
1927 2754 1995 2829 loci
2027 2755 2185 2854 trajectio
2218 2754 2454 2831 communiri,

427 2871 665 2971 exornarique
695 2872 817 2972 queat3
869 2896 980 2947 unum
1011 2869 1134 2972 urgeri
1167 2869 1248 2945 licet
1282 2892 1495 2946 consensum
1511 2870 1688 2971 Appiani,
1721 2896 1843 2947 necem
1867 2871 1915 2972 Q.
1941 2872 2048 2950 Gellii
2072 2874 2251 2950 Praetoris
2274 2873 2427 2976 Augusti

428 2990 636 3073 Consulatui
662 2990 886 3092 assignantis.
927 2992 967 3065 Is
990 2997 1092 3096 tanto·
1112 2989 1225 3090 pluris
1250 2987 1436 3065 faciendus
1462 2996 1516 3065 ast
1540 2990 1654 3085 testis,
1680 3000 1812 3092 quanto
1837 2992 2060 3068 manifestius
2081 3001 2136 3068 est
2162 3019 2244 3068 eum
2268 2993 2426 3094 Augusti

427 3109 558 3189 Libros
581 3108 625 3184 de
648 3109 730 3184 Vita
763 3135 848 3206 sna,
884 3135 959 3185 non
987 3110 1169 3184 nominato
1191 3108 1228 3185 b.
1251 3111 1276 3184 l.
1308 3118 1468 3206 auctora,
1505 3110 1737 3188 cousuluisse.
1801 3111 1906 3188 Idem
1938 3114 1976 3187 in
2006 3111 2200 3187 enarrando
2235 3111 2303 3188 boc
2333 3112 2427 3188 facto

428 3233 566 3307 illustre
592 3232 796 3330 exemplum
820 3228 980 3331 praebet,
1006 3255 1119 3331 quam⁴
1136 3228 1294 3306 studiose
1318 3231 1375 3305 illa
1388 3229 1556 3331 Princeps
1574 3230 1672 3305 facte
1687 3228 1845 3307 crudelia
1866 3240 1903 3308 et
1928 3231 2113 3330 Marma,
2137 3257 2291 3335 quornm
2307 3233 2428 3333 ipsum

429 3357 553 3452 postea
579 3347 753 3450 puderet,
787 3350 859 3424 isto
884 3350 1057 3449 inopere
1087 3350 1313 3444 coloraverit,
1348 3350 1518 3450 speciosis
1550 3349 1739 3424 involucris
1764 3357 1858 3425 tecta
1889 3353 2085 3452 posteritati
2110 3351 2294 3428 tradiderit
2315 3366 2352 3428 et
2377 3352 2427 3428 sic

428 3469 624 3565 historiam,
652 3470 806 3545 volitatu
821 3471 947 3556 lucem,
974 3468 1166 3545 vitiaveritl
1194 3467 1485 3569 NamAppianus
1497 3467 1541 3543 B.
1550 3467 1594 3543 C.
1608 3466 1781 3545 Libnlll.
1800 3472 1904 3548 aas.
1929 3471 1975 3546 de
1994 3469 2143 3571 judicio,
2166 3469 2278 3572 quod,
2303 3471 2426 3571 iuspe-
2547 3493 2550 3498 ·

429 3597 547 3669 canta
568 3591 745 3693 Augusto,
768 3588 813 3662 de
837 3587 909 3666 Jul.
934 3586 1099 3664 Caesaris
1123 3588 1391 3688 percussoribus
1423 3587 1640 3688 caeterisque
1665 3590 1742 3687 ejus
1766 3587 1937 3667 lamnoris
1960 3590 2065 3667 sociis
2085 3599 2122 3666 et
2144 3590 2265 3667 amicis
2289 3591 2426 3667 factum

429 3713 479 3789 sit
504 3736 691 3813 exponens
725 3709 774 3784 ita
803 3708 941 3810 pergit:
982 3703 1111 3791 Ἔδοξε
1140 3703 1182 3782 δὲ
1215 3704 1343 3790 ruistis
1374 3709 1458 3790 ταῖς
1490 3702 1647 3805 ἡμέραις
1671 3702 1832 3792 Κόϊντος
1854 3706 2034 3797 Γάλλιος,
2066 3706 2230 3809 ἀδελφὸς
2252 3707 2425 3811 Μάρκου

429 3828 594 3910 Ῑαλλίοο
624 3824 807 3910 συνόντος
825 3822 1038 3925 Ἀντωνίῳ,
1066 3823 1138 3921 τὴν
1159 3822 1355 3921 πολιτικὴν
1378 3822 1611 3927 στρατηγίαν
1636 3825 1787 3924 ἄρχων,
1822 3831 1975 3924 αλτῆσαι
2000 3824 2106 3937 παρὰ
2129 3826 2321 3929 Καίσαρος
2352 3826 2425 3923 τὴν
2576 3870 2581 3876 -

429 3945 662 4052 στρατηγίαν
684 3951 751 4041 τῆς
772 3940 936 4043 Λιβύης,
969 3941 1036 4018 καί
1056 3941 1161 4044 αὐτῷ
1187 3942 1421 4043 europeia)
1447 3942 1713 4041 ἐπιβουλεῦσαι
1737 3953 1792 4046 τῷ
1823 3943 1999 4046 Καίσαρι.
2025 3946 2092 4023 καὶ
2114 3944 2235 4022 αὐτοῦ
2260 3944 2331 4044 τὴν
2350 3943 2424 4044 μὲν

429 4062 663 4169 στρατηγίαν
680 4069 865 4164 περιεῖλον
888 4062 925 4139 οἱ
949 4059 1145 4162 σύναρχοι,
1172 4061 1245 4158 τὴν
1266 4059 1431 4139 ὃόίαίαν
1447 4058 1656 4162 διήρπασεν
1681 4060 1702 4137 ὅ
1728 4061 1859 4164 δῆμος,
1889 4062 1914 4161 ἡ
1940 4061 1983 4140 δὲ
1997 4063 2119 4164 βουλὴ
2145 4063 2424 4170 κατογίγναιοιιτ

432 4182 619 4262 θοίνατον.
647 4181 667 4260 ὁ
693 4181 735 4260 δὲ
750 4186 900 4281 Καῖσαρ
920 4182 956 4266 ἐς
980 4178 1050 4257 τὸν
1073 4178 1243 4282 οίιίελφόν
1269 4180 1435 4257 ἐκέλευσε
1455 4183 1599 4280 χωρεῖν
1615 4178 1681 4256 καὶ
1706 4179 1813 4258 δοκεῖ
1835 4180 2075 4284 νεώςέιιιβόις
2091 4182 2266 4284 οὐδαμοῦ
2281 4184 2425 4283 ίτιφα·
2518 4275 2521 4280 ¹

430 4312 555 4398 νῆναι.
607 4302 664 4379 En
689 4303 900 4379 atrocissimi
921 4301 1093 4388 facinoris
1117 4303 1370 4399 narrationem,
1395 4300 1523 4376 callido
1547 4299 1776 4377 deformatam
1800 4303 1959 4402 artificio,
1983 4331 2087 4407 quam
2108 4305 2297 4406 Appianas
2320 4302 2427 4381 fidem

430 4423 587 4526 Augusti
609 4426 795 4526 amplexus
820 4427 1072 4523 repraesentat,
1094 4422 1144 4496 ila
1168 4431 1307 4516 tamen,
1340 4423 1392 4495 uti
1423 4429 1519 4496 recta
1551 4422 1686 4497 monuit
1712 4421 2046 4527 Scbweighiuserns
2066 4424 2148 4502 Vol.
2170 4424 2238 4503 111.
2263 4451 2300 4526 p.
2323 4425 2425 4519 826,

430 4551 472 4619 ut
491 4542 588 4619 baud
612 4545 699 4619 satis
724 4544 762 4618 in
786 4540 919 4644 liquido
944 4566 1023 4616 earn
1045 4567 1122 4616 rem
1146 4567 1227 4617 esse
1250 4539 1432 4644 significet.
1458 4541 1686 4616 Drumannua
1709 4542 1800 4618 llist.
1825 4543 1931 4620 Rom.
1948 4543 2076 4624 Voll.
2101 4570 2138 4645 p.
2153 4549 2242 4623 341.
2263 4543 2425 4645 quamvis

431 4663 589 4765 Appiani
613 4663 855 4738 narrationem
880 4668 1021 4738 secutus
1047 4661 1106 4756 sit,
1132 4668 1249 4736 tamen
1273 4686 1351 4735 rem
1375 4666 1486 4735 totam
1511 4660 1551 4733 in
1573 4656 1722 4736 dubium
1747 4662 1921 4758 vocatffi)

722 4822 725 4829 .
2110 4823 2133 4868 4,

501 5019 549 5089 at)
567 5019 669 5090 Recepi
687 5019 868 5087 conjecturam
883 5016 1001 5073 chsii
1017 5017 1053 5070 ad
1071 5016 1405 5087 Sueton.Aug·c.2l.pro
1457 4981 1524 5088 „sb
1540 5020 1634 5086 ιαιιιλη
1650 5006 1718 5072 αισα
1735 5020 1894 5073 octaviana
1910 5022 2035 5092 ιίρακιη
2045 5020 2180 5075 Bet-lette
2194 5019 2317 5088 ρλσιιοοιι
2334 5021 2424 5089 aetra,

432 5095 1407 5173 Vulg.olrcrao1alr‚proquaJ'amScbweigbiuserusmaluitoi·
1458 5104 1527 5155 dass
1553 5116 1586 5155 er
1614 5106 1705 5156 durch
1727 5097 1913 5178 Scltffbrucla
1940 5106 2010 5158 oder
2031 5104 2192 5159 Seerduber
2211 5105 2423 5173 capraram

433 5206 486 5250 τως
503 5186 635 5258 ἐντυχών,
659 5193 690 5244 ut
710 5187 926 5258 exprimerentur
948 5186 1127 5242 Suetonianar
1151 5188 1293 5256 colloquio
1312 5189 1406 5255 pecto
1456 5189 1512 5255 aet,
1530 5201 1563 5239 ιο
1580 5189 1857 5242 arcemarenses
1873 5191 1967 5259 tster,
1985 5193 2054 5244 dara
2071 5204 2104 5243 α·
2119 5192 2168 5244 tta
2184 5191 2290 5244 corbes·
2307 5189 2424 5256 castlar
2521 5241 2523 5246 ,

433 5274 592 5331 {auimatum
610 5290 679 5329 erse.
702 5337 705 5342 ,
1457 5275 1647 5327 θνοιιοαιιιτλι
1662 5272 1772 5339 {altera
1787 5276 1848 5326 ιιιισ
1857 5276 2047 5332 ιιιλιιΙιαιισιλο
2060 5276 2139 5330 ltere.
2167 5276 2283 5330 streton.
2297 5275 2357 5329 oct.
2368 5272 2424 5329 27.

501 5359 551 5431 35)
567 5361 739 5418 armamus
756 5360 806 5419 l.o.
822 5359 859 5416 N.
871 5354 915 5421 tl.
932 5357 1051 5426 enecato
1066 5354 1186 5428 Appiani
1202 5358 1264 5414 loeo
1281 5356 1404 5428 scripsit:
1455 5357 1519 5411 voa
1536 5358 1631 5412 σιίτα·
1646 5358 1724 5414 setae
1740 5360 1834 5415 wottte
1851 5373 1884 5414 α·
1899 5358 2049 5427 atellam
2062 5358 2137 5417 noca
2153 5360 2235 5416 nacae
2248 5359 2382 5428 zetam.“
2516 5369 2525 5382 ‘
