5717 6575
488 639 545 717 ω
1029 635 1057 705 l.
1099 634 1159 705 DE
1179 634 1302 707 CAES.
1322 625 1422 706 All&
1443 632 1587 722 PUER,
1607 631 1713 704 MAG.
1736 629 1794 706 AC
1815 630 1946 705 STUD.

492 821 664 901 Graeciae
692 822 881 925 Italiaeque
906 820 1013 899 urbes
1037 823 1189 925 dispersi
1213 821 1384 926 degerent
1405 829 1442 898 et
1465 821 1619 897 latorum
1642 820 1947 922 praedictionibus.
1968 819 2120 920 ubisque
2141 815 2388 920 hujuscemodi
2411 844 2490 896 nu·

491 942 549 1045 gis
574 943 705 1016 victum
726 968 768 1018 ac
791 946 931 1018 luorum
952 951 1178 1043 quaererentr
1204 969 1309 1044 quem
1329 968 1438 1044 quum
1459 940 1623 1043 suspicor
1642 941 1687 1016 ab
1714 941 1881 1043 Agrippa
1904 947 1940 1016 et
1963 943 2149 1041 Augusto,
2172 962 2354 1013 armorum
2373 962 2489 1014 excr-

492 1061 583 1137 ciliis
607 1086 801 1162 parumper
822 1062 1033 1137 vacantibus
1056 1072 1093 1136 et
1116 1063 1252 1159 otiosis,
1275 1061 1385 1137 animi
1400 1085 1528 1136 caussa
1543 1061 1740 1136 mmmmm
1762 1059 1883 1157 inisse,
1907 1085 1978 1134 non
1993 1083 2131 1145 vereor,
2154 1083 2200 1134 ne
2215 1057 2397 1160 adolando
2422 1058 2487 1133 in·

493 1181 641 1280 eptiisse
666 1205 816 1283 arguar.
842 1180 937 1256 conl.
956 1190 988 1270 §.
1014 1186 1052 1258 7.

644 1433 726 1543 lam
748 1461 839 1534 quae
864 1434 910 1510 da
933 1381 1098 1511 Caesaris
1121 1427 1277 1537 Augusti
1317 1363 1489 1534 pueritia,
1527 1431 1705 1534 magistris
1735 1430 1930 1534 studiisque
1965 1429 2022 1507 bic
2055 1429 2235 1533 copiosius
2272 1430 2488 1533 scripsimus

493 1550 663 1629 historiae
687 1580 747 1628 ve:
750 1555 832 1656 ligia
853 1556 1013 1655 quamvis
1036 1553 1156 1629 tenuia
1179 1551 1372 1652 probabilis
1396 1554 1614 1651 conjecturae
1639 1576 1707 1652 ope
1730 1552 1928 1652 persecuti,
1959 1576 2083 1626 comm
2114 1575 2290 1626 summam
2311 1551 2381 1625 bue
2405 1550 2488 1626 lere

493 1670 613 1747 redire
634 1671 806 1768 arbitror,
841 1683 884 1748 ut
914 1698 1028 1774 paene
1063 1696 1130 1776 pro
1158 1679 1256 1747 certo
1292 1671 1470 1746 albunare
1494 1671 1696 1770 possimus,
1733 1670 1978 1773 Angustuma
2006 1671 2121 1771 prima
2145 1669 2296 1769 pueritia
2317 1669 2358 1744 in
2378 1667 2489 1745 ᾶοιιιι
2532 1677 2539 1683 “

450 1784 459 1790 ’
493 1790 610 1869 duliae
633 1792 733 1867 aviae
757 1799 992 1892 parentumve
1017 1817 1040 1866 a
1063 1816 1166 1866 servo
1192 1790 1345 1886 Graeco,
1368 1793 1552 1888 Spboero,
1578 1790 1693 1888 prima
1713 1789 1911 1864 litteratura
1932 1789 2108 1864 innbutum
2130 1814 2226 1881 csse3
2253 1787 2378 1864 deinde
2398 1812 2488 1864 eum
2562 1841 2564 1844 .

494 1908 854 1986 adultioremlactum
878 1913 964 1986 item
990 1908 1216 1985 domimum
1248 1908 1542 2007 esse⁸disoiplina
1561 1915 1681 1985 aava
1708 1915 1841 2006 Capri,
1874 1907 2106 1985 Grammatiei
2131 1907 2264 1983 Latini.
2312 1908 2489 1983 Parentes

495 2029 591 2103 enim
612 2032 690 2130 ejus
714 2038 748 2104 et
772 2032 965 2105 avunculus
990 2027 1155 2105 videntur
1177 2035 1405 2128 praeoptasse
1439 2025 1665 2102 domesticam
1688 2026 1940 2102 institutionem
1974 2026 2155 2128 publicae,
2178 2035 2219 2101 ut
2251 2050 2344 2127 qnae
2361 2027 2487 2130 pueris

495 2149 650 2242 nrultas,
678 2149 749 2223 isto
776 2149 991 2251 'praesertim
1013 2156 1192 2247 tempore,
1225 2148 1301 2222 vias
1324 2143 1527 2221 ostenderet
1563 2145 1737 2240 lubricas,
1767 2145 1898 2246 quibus
1930 2146 2006 2221 sine
2028 2171 2114 2219 casn
2136 2147 2254 2246 aliquo
2277 2151 2340 2221 aut
2362 2146 2490 2247 prola·

495 2266 624 2366 psione
661 2268 777 2341 insisti
806 2269 873 2342 vix
905 2273 1044 2370 posset.
1093 2263 1231 2341 Eadem
1266 2262 1312 2339 de
1343 2288 1473 2339 caussa
1502 2263 1667 2365 Augusto
1695 2262 1811 2339 adbuc
1842 2289 1955 2363 puero
1981 2266 2089 2369 ctiam
2112 2269 2231 2342 Areua
2253 2265 2490 2366 philosophus

496 2408 578 2459 eum
601 2384 697 2480 filiis,
719 2393 894 2488 Dionysio
916 2396 954 2463 et
976 2393 1174 2479 Nicanore,
1199 2383 1467 2459 contubernales
1487 2382 1562 2456 dati
1587 2390 1672 2458 sunt
1696 2389 1732 2456 et
1752 2379 1902 2477 sodales,
1923 2384 1986 2483 qui
2008 2382 2214 2484 quotidiana
2235 2382 2490 2463 consuetnffine

496 2526 577 2577 eum
600 2529 644 2578 eo
670 2505 844 2604 conjuncti
867 2514 983 2581 essent
1008 2528 1158 2604 eumque
1181 2527 1329 2604 peregre
1353 2503 1616 2578 comitarentur.
1667 2502 1864 2601 Postquam
1886 2509 2055 2600 posuerat
2070 2508 2312 2601 praetextam,
2344 2500 2492 2579 vidam

496 2644 641 2721 operam
665 2621 807 2697 dedisse
832 2629 983 2722 Epidio,
1016 2622 1149 2698 rhetori
1174 2622 1324 2716 Latino,
1361 2628 1397 2696 et
1413 2621 1517 2695 simul
1535 2624 1750 2719 Apollodoro
1774 2621 2016 2722 Pergameno,
2045 2620 2178 2695 rhetori
2196 2620 2352 2717 Graeco,
2379 2618 2491 2725 quern

497 2736 546 2813 ad
570 2740 820 2840 perficiendam
843 2740 982 2818 ¹dicendi
1003 2740 1205 2817 facultatem
1229 2741 1275 2816 ab
1300 2740 1398 2817 Urbe
1427 2739 1639 2843 mgbtrnrn
1662 2737 1812 2812 abduxit
1834 2738 2058 2840 Apolloniam
2084 2746 2119 2814 et
2141 2737 2224 2814 inde
2248 2740 2402 2815 Romam
2424 2766 2491 2818 re·

459 2956 462 2959 A
498 2854 601 2934 duxit
623 2862 763 2963 longius
788 2864 868 2962 ejus
892 2860 1052 2937 doctrina
1076 2865 1113 2936 ct
1133 2860 1350 2934 institutione
1372 2884 1514 2936 usuum.
1564 2857 1749 2932 Triumvir
1771 2883 1879 2959 quum
1902 2856 2020 2933 sactus
2045 2864 2158 2952 esset,
2180 2862 2340 2954 Aream,
2360 2859 2492 2961 pneri-

496 2976 542 3053 lis
563 2976 656 3055 ritae
679 2978 806 3055 ducem
830 3004 928 3075 suae,
953 2978 1069 3054 denno
1094 2979 1133 3054 in
1157 2975 1423 3054 contubernium
1443 2977 1575 3078 recepit
1594 3001 1675 3052 cum
1687 2979 1915 3054 Athenodoro
1932 2975 2115 3074 Tarsensi,
2140 3002 2248 3078 quem
2265 2985 2340 3053 tum
2350 2977 2492 3058 Romae

498 3095 655 3195 primum
676 3106 887 3200 cognoverat
923 3105 959 3173 et
984 3097 1105 3200 magni
1134 3096 1323 3172 aestimare
1346 3104 1525 3197 coeperat.
1574 3096 1713 3171 Horum
1736 3103 1858 3170 autem
1887 3095 2176 3196 pbilosophorum
2208 3120 2291 3172 cum
2321 3095 2491 3202 Auguste

498 3213 700 3292 Triumviro
719 3214 939 3294 necessitudo
961 3241 1034 3293 non
1055 3224 1130 3292 tam
1151 3216 1501 3320 magistroramemt
1527 3215 1672 3317 proprie
1695 3214 1747 3290 sic
1768 3213 1954 3311 dictorum,
1978 3239 2085 3317 ιιιηι
2102 3214 2379 3293 larniliariumet
2395 3218 2493 3294 ami·

500 3358 640 3430 comm,
672 3336 734 3437 qui
757 3336 851 3412 ciin
873 3337 983 3413 rebus
1012 3335 1267 3413 constituendis
1294 3360 1336 3411 ae
1365 3334 1537 3435 priuatim
1557 3333 1741 3435 publicave
1765 3332 1932 3436 gerendis
1964 3359 1987 3410 a
2012 3337 2155 3411 consilio
2183 3343 2313 3414 essent
2361 3335 2494 3440 Neque

499 3459 619 3528 tamen
644 3452 788 3530 dubium
809 3456 975 3557 cuiquam
997 3455 1064 3531 erit
1089 3456 1174 3558 quin
1198 3462 1367 3557 uterque·
1382 3453 1614 3555 philosophus
1647 3453 1845 3554 plurimum
1865 3454 2065 3549 contulerit,
2088 3462 2139 3560 ,nt
2162 3457 2348 3558 Augustus
2368 3457 2492 3553 omnis

499 3571 653 3649 liberalis
686 3572 782 3681 apud
811 3582 1001 3677 utrumque
1035 3574 1248 3677 antiquitatis
1274 3574 1447 3676 populum
1478 3571 1656 3648 doctrinae
1679 3574 1710 3648 si
1733 3572 1849 3647 minus
1870 3572 2018 3649 scicntia
2044 3582 2207 3649 accurato
2230 3581 2268 3651 et
2287 3575 2407 3679 arnpla
2427 3577 2493 3654 in-

501 3697 674 3786 stmctns,
704 3702 800 3770 certe
823 3697 901 3794 ejus
926 3692 1044 3770 studio
1070 3720 1111 3768 ac
1133 3691 1370 3767 communium
1394 3693 1551 3767 omnium
1574 3691 1990 3795 litterarum-artimnque
2013 3717 2134 3768 amore
2153 3694 2339 3791 incensus,
2369 3694 2490 3796 posito

500 3808 769 3900 Triumuiratu,
805 3814 902 3888 solus
930 3837 1049 3888 rerum
1072 3814 1315 3887 Romanarum
1340 3808 1674 3887 administrationem
1704 3817 1916 3911 capesseret.
1967 3810 2192 3913 Singularem
2221 3813 2317 3887 enim
2343 3813 2494 3894 illalum

503 3950 660 4004 amorem
678 3930 863 4033 Augustus
885 3931 922 4005 in
944 3931 1041 4005 omni
1062 3956 1185 4005 rerum
1204 3937 1472 4031 temporumque
1494 3931 1717 4005 varietates
1734 3929 2018 4036 inmom‘marum
2033 3955 2205 4006 concursu
2221 3933 2492 4033 occupationum

502 4047 668 4145 ostendit,
684 4058 720 4123 et
745 4075 825 4123 cum
847 4047 1061 4126 inferendis
1084 4048 1367 4149 honorandisqne
1389 4047 1702 4148 praestantissimis
1725 4046 1924 4149 quibusque
1951 4072 2076 4123 aarum
2105 4050 2298 4125 cultoribus
2314 4051 2492 4153 probarit,

502 4172 579 4241 tum
599 4168 707 4242 etiam
721 4193 785 4244 suo
808 4168 924 4267 ipsius
942 4170 1104 4269 exemplo
1122 4164 1304 4268 usquead
1318 4173 1514 4275 extremam
1533 4171 1750 4241 senectutem
1765 4173 1802 4239 et
1817 4166 1966 4269 legendo
1982 4174 2018 4243 et
2033 4165 2220 4245 scribendo
2245 4175 2413 4245 testotmn
2430 4167 2494 4248 lc-

504 4285 553 4361 cit
574 4286 637 4381 ita,
661 4293 703 4362 ut
722 4287 799 4362 sine
822 4288 897 4362 ulla
916 4286 1125 4363 mantonis
1147 4285 1347 4387 suspicione
1367 4284 1537 4360 Horatius
1561 4283 1665 4360 Libr.
1683 4282 1754 4359 ΠΙ.
1779 4284 1903 4362 oda.
1924 4312 1958 4370 ι.
1974 4290 2035 4364 37.
2058 4287 2489 4390 alloqnipossetlllnsasr

1120 4408 1189 4483 Vos
1217 4411 1410 4493 &caerem
1435 4410 1576 4498 altam,
1611 4409 1745 4480 militia
1769 4409 1881 4482 umal

1114 4514 1248 4584 Fessus
1272 4509 1432 4583 colones
1458 4508 1598 4583 abdidit
1627 4508 1781 4605 oppidis,

1174 4614 1299 4686 Fs’m're
1322 4624 1554 4707 quaerentem
1577 4610 1719 4685 labores

975 4793 977 4796 ,
1268 4716 1386 4787 iterio
1410 4717 1582 4787 remeatis
1606 4724 1729 4787 astro.

505 4823 583 4905 Nec
606 4826 795 4929 qnisquam
821 4825 997 4905 dubitabit
1021 4828 1106 4930 quin
1126 4835 1269 4930 praeter
1292 4827 1385 4924 illos,
1409 4853 1499 4929 quos
1519 4828 1778 4921 recensuimus,
1800 4825 2495 4932 magistrosabqneeruditoslsnilim

507 4945 634 5051 quibus
658 4953 938 5050 quantacumque
958 4946 1137 5023 deotlinae
1159 4944 1196 5023 et
1215 4947 1439 5023 humanitatis
1452 4947 1669 5022 incrementa
1679 4952 1822 5045 accepta
1835 4946 2021 5043 reserabat,
2046 4947 2093 5023 ad
2107 4948 2202 5025 virm
2219 4949 2327 5025 euirni
2340 4950 2499 5054 ingaud-

507 5091 577 5168 que
602 5069 679 5166 ejus
703 5091 726 5140 a
748 5068 876 5142 teneris
898 5066 1111 5142 excolendas
1132 5073 1168 5141 et
1191 5090 1362 5140 annornm
1384 5089 1580 5167 progressu
1600 5065 1715 5165 magis
1740 5064 1928 5166 magisque
1951 5065 2219 5143 conlonnandas
2242 5088 2409 5171 magnam
2421 5071 2497 5147 rim

506 5182 696 5260 habuerint
713 5209 794 5258 cmn
811 5192 995 5287 parentum
1010 5184 1388 5285 praestantissimorum
1405 5208 1510 5259 voces
1528 5191 1564 5259 et
1582 5185 1727 5278 monita,
1744 5190 1822 5258 tum
1840 5185 2003 5287 inprimis
2019 5183 2105 5262 Julii
2117 5185 2290 5282 Caesaris,
2314 5188 2497 5286 avunculi,

507 5303 578 5378 viri
601 5303 736 5397 emmii,
755 5309 946 5405 praecepta
961 5309 997 5379 et
1018 5305 1239 5404 exemplum.
1261 5300 1372 5441 qnod
1384 5300 1526 5404 quidem
1547 5304 1750 5404 exemplum
1768 5302 1952 5442 Angustus
1976 5310 2049 5379 tota
2071 5312 2190 5380 mente
2215 5329 2258 5381 ac
2276 5305 2498 5408 cegitatiom

508 5422 653 5498 mutos
677 5449 749 5498 non
772 5426 886 5498 solum
904 5419 1124 5517 adolescens,
1146 5421 1271 5498 sed
1234 5448 1292 5498 ιιι
1315 5422 1433 5514 etiarn
1446 5420 1589 5496 assiduo
1613 5424 1774 5523 qumvis
1795 5422 1925 5525 impari
1950 5446 2146 5614 gressa
2099 5422 2138 5499 in
2159 5448 2253 5500 emm
2242 5423 2344 5503 flam
2360 5418 2499 5503 docet·-

509 5531 647 5618 aarum
657 5566 788 5645 genere
812 5544 1009 5620 aemulatus
1034 5546 1112 5639 est,
1135 5547 1175 5618 ut
1197 5564 1264 5616 suo
1286 5542 1362 5651 loeo
1385 5539 1600 5616 docebimus.

1283 5672 1715 5690 ο-ο--ι-,ι--ὰ--ῑσί-
