5717 6575
428 653 504 729 ιιι
623 691 626 694 -
974 620 987 628 ”
1119 652 1179 721 ιιι.
1222 652 1281 719 nn
1303 649 1517 721 caessara
1538 648 1734 721 suousrr

311 886 316 908 .
431 837 550 913 senius
582 837 620 912 in
654 837 728 914 Vit.
753 837 806 914 M
831 838 1017 940 Agrippae
1047 866 1083 940 p.
1116 845 1448 944 llll.·nequaquom
1481 868 1505 917 a
1531 867 1615 917 vero
1651 841 1839 917 abhorrere
1874 848 2009 937 censet,
2055 842 2154 916 illam
2186 836 2424 915 laudationem

369 1035 374 1046 ,
430 957 475 1032 ab
498 958 580 1056 ipso
604 982 717 1057 puero
744 956 857 1032 fuisse
880 960 1066 1058 scriptam,
1107 987 1190 1035 cum
1213 961 1403 1037 Suetonius
1428 987 1509 1037 eum
1531 961 1576 1036 ab
1598 967 1712 1037 aetate
1740 963 1855 1064 prima
1879 968 1916 1036 et
1939 960 2066 1063 cupide
2088 969 2124 1036 et
2148 956 2425 1036 laboriosissime

388 1178 391 1183 ¹
431 1077 665 1177 eloquentiam
685 1077 890 1152 exercuisse
914 1078 1074 1153 affirmet.
1124 1079 1296 1180 Equidem
1326 1082 1483 1156 neutrius
1506 1083 1702 1156 sententiae
1719 1106 1868 1181 possum
1884 1081 2115 1156 subscribere.
2164 1080 2221 1155 Ae
2243 1075 2439 1179 reputanti.

430 1196 518 1272 mibi
544 1193 638 1295 quod
663 1195 842 1271 Cicero‘in
865 1197 967 1272 Brut.
990 1222 1019 1271 c.
1049 1201 1111 1274 16.
1132 1211 1164 1290 ς.
1190 1203 1253 1275 62.
1277 1199 1422 1295 scribit,
1457 1196 1656 1301 hujusmodi
1684 1199 1851 1276 funebres
1887 1201 2067 1275 orationes
2102 1196 2147 1273 ab
2170 1198 2259 1298 ipsis
2282 1195 2425 1288 familiis

432 1315 536 1416 quasi
564 1321 769 1388 ornamenta
795 1322 951 1390 servatas
973 1341 1055 1391 esse
1082 1316 1126 1390 ad
1148 1338 1274 1413 usum,
1297 1318 1329 1392 si
1353 1319 1431 1418 quis
1454 1318 1613 1419 ejusdem
1635 1319 1753 1418 gentis
1776 1318 1978 1416 occidisset,
2012 1343 2054 1393 ae
2079 1317 2185 1394 simul
2210 1311 2424 1408 recordanti,

432 1432 477 1510 ab
497 1433 592 1510 lulio
619 1432 772 1508 Caesare
799 1432 997 1532 Quaestore
1029 1460 1094 1535 pro
1126 1437 1250 1511 rostris
1281 1435 1457 1510 laudatam
1491 1462 1570 1511 ease
1591 1436 1723 1514 lulium
1745 1438 1908 1534 amitam,
1950 1462 2099 1538 prorsus
2123 1455 2426 1533 supervacaneum

432 1559 470 1628 et
495 1551 618 1626 inutile
640 1550 780 1625 videtur
806 1576 975 1653 quaerere
1006 1553 1247 1654 descriptore
1279 1551 1357 1655 ejus
1389 1555 1575 1650 orationis,
1618 1582 1689 1656 qua
1710 1557 1898 1657 Augustus
1929 1581 2018 1658 puer
2048 1554 2179 1632 Iuliam
2208 1552 2324 1626 ariam
2359 1549 2426 1625 de-

432 1669 592 1748 functam
624 1668 786 1745 laudasse
813 1669 983 1766 traditur;
1017 1670 1214 1747 absurdum
1246 1679 1363 1747 autem
1389 1698 1520 1761 *censeo
1550 1673 1751 1774 ambigere,
1782 1701 1868 1748 num
1884 1721 1886 1727 ,
1903 1698 1983 1749 earn
2005 1673 2050 1748 de
2073 1674 2202 1772 scripto
2223 1670 2356 1744 dixerit
2381 1690 2427 1743 an

433 1790 639 1866 memoriter
664 1789 955 1891 pronuntiaverit.
1004 1793 1054 1867 Ut
1074 1800 1192 1867 tarum
1217 1817 1367 1893 cumque
1392 1799 1465 1887 eat,
1497 1788 1558 1887 id,
1588 1792 1797 1867 assentiente
1819 1793 1867 1868 II.
1892 1790 2044 1891 Meycro
2074 1791 2112 1865 iu
2133 1790 2250 1868 Oratt.
2275 1790 2427 1876 Roman.

434 1908 637 2011 Fragment.
671 1934 710 2009 p.
733 1913 846 2011 224,
878 1932 992 2009 paene
1020 1913 1088 2010 p'ro
1120 1919 1216 1985 certo
1248 1910 1425 1985 affirmare
1456 1911 1592 2006 ausim,
1629 1910 1736 1985 istam
1764 1911 2016 1986 oratiunculam
2049 1911 2209 2012 quamvis
2234 1910 2355 2008 aliqua
2379 1926 2428 1980 ex

434 2035 539 2130 parte
563 2026 649 2102 ab
636 2053 716 2128 rpso
747 2027 939 2129 scriptam,
967 2034 1085 2103 tamen
1097 2081 1110 2124 ,
1146 2031 1244 2104 uelut
1273 2029 1492 2153 acerbiorem
1525 2027 1724 2104 studiorum
1754 2028 1929 2126 fructum,
1961 2054 2152 2133 numquam
2176 2026 2264 2130 juris
2290 2021 2427 2128 publici

435 2147 566 2222 laetam
588 2169 679 2222 esse.

318 2360 323 2383 .
589 2264 795 2368 Augustus,
828 2274 869 2343 ut
902 2268 1023 2345 multis
1057 2269 1235 2370 cognitum
1269 2274 1324 2344 est
1352 2266 1589 2364 documentis,
1623 2292 1772 2343 suorum
1794 2273 1871 2343 erat
1897 2268 2177 2363 amantissimus,
2210 2271 2247 2340 et
2272 2269 2314 2338 ut
2338 2258 2431 2337 viris

438 2408 544 2460 omne
566 2385 672 2461 officii
698 2392 735 2461 et
757 2386 983 2463 humanitatis
1006 2386 1388 2490 genusimpertiebat,
1422 2388 1473 2462 ita
1504 2386 1610 2480 etiam
1639 2386 1788 2462 mortuis
1817 2386 2004 2489 magnifiee
2024 2385 2118 2489 justa
2140 2385 2259 2460 faeere
2281 2381 2431 2458 solebat.

438 2503 520 2584 lam
546 2529 629 2580 eum
661 2504 696 2580 ei
724 2504 763 2579 ίιι
786 2504 870 2580 latis
891 2503 1004 2602 essct,
1027 2513 1086 2601 ut,
1110 2504 1195 2580 dum
1216 2507 1378 2602 virebat,
1414 2507 1645 2608 plurimorum
1674 2531 1821 2581 suorum
1847 2504 1971 2580 lunera
1997 2505 2152 2599 rideret,
2184 2527 2257 2577 uon
2289 2505 2433 2602 poterat

440 2623 545 2698 aliter
566 2621 646 2698 fieri
670 2626 778 2726 quam
803 2624 949 2699 utillud
974 2623 1188 2699 laudationis
1212 2650 1340 2702 munus
1365 2650 1433 2725 per
1458 2625 1599 2726 imperii
1629 2624 1783 2699 diuturni
1813 2624 2007 2699 decursum
2032 2621 2214 2725 aliquoties
2240 2622 2276 2695 ei
2294 2620 2432 2694 obeun-

438 2739 525 2817 dum
549 2750 652 2819 esset.
702 2741 795 2816 Illud
819 2743 973 2818 fortasse
997 2744 1122 2817 mirum
1144 2745 1346 2844 quempiam
1368 2743 1515 2839 babeat,
1545 2733 1639 2844 quod
1664 2743 1703 2819 in
1724 2749 1837 2839 muta,
1862 2767 1934 2844 qua
1957 2744 1996 2817 in
2017 2743 2134 2816 ariam
2159 2746 2194 2816 et
2216 2740 2432 2814 avunculum

440 2885 609 2963 magnmu
633 2861 781 2936 affectam
806 2868 901 2957 erat,
934 2862 1067 2962 pietate
1090 2871 1126 2936 et
1148 2865 1291 2937 caritate
1314 2887 1361 2936 ne
1384 2861 1503 2935 Atiam
1523 2869 1674 2934 matrem
1697 2861 1862 2961 quidem,
1885 2860 2016 2936 nedum
2040 2856 2240 2962 Philippum
2264 2857 2431 2932 vitricum

442 2979 643 3056 laudatione
677 2978 823 3055 funebri
859 2987 1070 3080 prosecutus
1103 2980 1221 3056 luerit.
1281 2980 1459 3077 Μιίιοιιι,
1507 3004 1615 3081 quam
1648 2981 1829 3054 consulatu
1863 2980 1981 3080 primo
2014 3007 2045 3056 a.
2058 2980 2105 3056 U.
2130 2979 2171 3054 G.
2197 2982 2287 3055 711.
2311 3002 2344 3052 s.
2367 2980 2431 3053 43.

442 3106 596 3175 exeunte
619 3099 754 3195 amisit,
784 3100 965 3174 bonoravit
995 3106 1134 3174 tautum
1163 3093 1327 3197 ‹lqpooa'qr
1348 3105 1478 3198 ταφῇ,
1512 3105 1554 3173 ut
1574 3097 1678 3172 tradit
1704 3098 1774 3173 Dio
1799 3096 1899 3173 Gaas.
1922 3097 2023 3175 Libr.
2048 3097 2203 3174 XLVII.
2227 3122 2257 3172 o.
2283 3101 2346 3177 17.
2371 3093 2434 3197 qul

441 3215 595 3293 dubitari
618 3218 744 3318 nequit
767 3219 852 3321 quin
876 3219 906 3294 si
931 3217 1071 3319 publico
1093 3218 1210 3293 funeri
1236 3215 1419 3321 conjuncta
1438 3218 1563 3293 luisset
1586 3214 1756 3312 laudatio,
1782 3243 1861 3292 eam
1883 3223 2129 3312 memorasset,
2151 3224 2192 3292 ut
2216 3214 2263 3291 de
2286 3214 2434 3290 'lilledo

443 3334 545 3412 Libr.
571 3335 709 3414 LVIII.
732 3361 764 3413 c.
788 3343 850 3414 28.
876 3334 943 3411 καί
966 3333 1149 3436 δημοσίας
1172 3363 1223 3411 τι
1238 3343 1362 3435 ταφῆς
1383 3336 1491 3432 ἔτυχε
1516 3332 1583 3411 καί
1606 3335 1772 3432 ἐπῃνέθη
1796 3332 1872 3410 ὑπὸ
1897 3342 1967 3412 τοῦ
1991 3336 2126 3412 Γαΐου.
2142 3336 2179 3433 ⁹)
2230 3332 2306 3411 Sed
2338 3333 2434 3408 baud

444 3454 550 3531 dubie
575 3462 777 3556 temporum
800 3455 1004 3531 difficultate
1024 3481 1215 3556 rerumque
1248 3481 1420 3530 concursu
1452 3452 1737 3557 gravissimarum
1770 3454 1963 3555 impeditus
1994 3462 2047 3529 est
2071 3480 2140 3555 quo
2165 3454 2283 3527 onnus
2307 3452 2435 3528 lauda·

410 3671 414 3675 Α
444 3574 550 3651 tionis
582 3573 736 3650 officium
763 3576 815 3649 illi
847 3581 1053 3678 praestaret.
1113 3575 1169 3649 Ile
1197 3575 1376 3675 exsequiis
1412 3574 1536 3649 rita-ico
1567 3571 1737 3649 institutis
1767 3576 1875 3649 altum
1908 3570 2003 3674 apud
2024 3574 2215 3710 scriptores
2235 3574 2436 3649 silentium.

445 3690 640 3795 quodnisi
669 3717 754 3771 casu
780 3702 895 3771 ortum
928 3702 1004 3791 est,
1047 3694 1211 3795 neglecti
1225 3694 1319 3769 illius
1346 3688 1452 3769 ollioii
1485 3716 1644 3769 caussam
1674 3691 1894 3791 probabilem
1936 3692 2148 3791 exposuisse
2185 3691 2271 3765 mibi
2309 3690 2436 3767 videor

443 3811 547 3890 Libr.
569 3812 598 3888 I.
623 3822 655 3905 §.
684 3819 720 3893 l.
770 3813 852 3895 Jam
876 3841 968 3917 quae
989 3839 1012 3888 a
1031 3812 1261 3914 scriptoribus
1286 3805 1524 3891 momorantur
1546 3812 1652 3958 hujus
1672 3811 1813 3919 geperis
1838 3810 2070 3906 orationes,
2057 3835 2096 3884 ιιι
2128 3809 2183 3885 eis
2206 3809 2438 3889 recensendis

444 3936 645 4036 temporum
667 3932 826 4009 ordinem
849 3959 1049 4036 sequamur.

598 4052 632 4129 I.
681 4060 736 4131 M
761 4061 984 4148 Marcellus,
1009 4052 1179 4129 Octauiae
1204 4052 1337 4129 sororis
1364 4051 1459 4126 filius
1482 4054 1518 4125 et
1541 4049 1696 4153 Augusti
1717 4071 1852 4151 gener,
1887 4046 1976 4125 obiit
1997 4075 2031 4125 a.
2055 4049 2104 4126 U.
2129 4048 2173 4127 G.
2199 4054 2288 4127 731.
2315 4074 2347 4126 s.
2373 4052 2436 4129 23.

446 4166 512 4246 rix
530 4169 657 4274 viginti
680 4196 794 4246 annos
818 4177 941 4266 uatus,
972 4176 1013 4245 ut
1042 4170 1223 4245 ostendi
1211 4197 1249 4245 m
1274 4171 1470 4247 Commeat.
1505 4172 1550 4246 de
1584 4175 1708 4245 Cossio
1740 4176 1930 4246 Parmensi
1960 4166 2114 4247 Exours.
2139 4167 2185 4244 V
2215 4192 2254 4267 p.
2277 4171 2355 4245 355
2378 4193 2438 4269 sq.

446 4285 543 4365 Eum
562 4287 749 4393 Augustus
774 4288 929 4392 perdidit
950 4288 1162 4365 successioni
1186 4296 1436 4390 praeparatum
1457 4311 1560 4382 snae,
1583 4273 1626 4362 ut
1651 4285 1700 4360 ait
1723 4285 1893 4364 Senem
1881 4314 1917 4363 m
1934 4286 2073 4363 Consul.
2099 4283 2144 4361 ad
2169 4285 2296 4383 Polyb.
2323 4311 2355 4363 c.
2373 4292 2438 4366 34.

448 4411 484 4498 ς.
502 4410 540 4483 2.
598 4406 681 4510 Quo
705 4433 789 4485 casu
812 4411 1037 4511 perluctuoso
1059 4409 1214 4511 graviter
1242 4408 1389 4484 afflictus
1425 4404 1546 4484 αυτὸν
1575 4399 1740 4504 δημοσίᾳ
1762 4431 1804 4481 τε
1831 4405 1980 4505 ἔθαψεν
2010 4402 2265 4489 Ιπαινίσας”
2230 4426 2359 4506 ωσπερ
2385 4407 2440 4481 εἴ·

448 4522 587 4616 Proca,
613 4525 679 4605 καί
704 4528 741 4614 ἐς
763 4524 808 4604 τὸ
832 4531 1036 4628 μνημεῖον,
1062 4525 1083 4603 ὃ
1105 4521 1355 4627 ᾠκοδομεῖτο,
1379 4525 1586 4611 κατέθετο,
1611 4530 1659 4620 τῇ
1681 4549 1722 4599 τι
1742 4519 1874 4623 μνήμῃ
1906 4529 1976 4597 τοῦ
2008 4519 2177 4625 θεάτρου
2201 4527 2272 4598 τοῦ
2293 4549 2442 4625 προκα-

448 4641 708 4740 ταβληθὲντος
732 4644 806 4745 μὲν
834 4642 910 4723 ὑπὸ
939 4650 1009 4722 τοῦ
1033 4642 1244 4745 Καίσαρος,
1278 4641 1510 4745 Μαρκέλλου
1537 4638 1580 4719 δὲ
1601 4638 1893 4743 ὠνομασμένοι,
1918 4639 2114 4742 ἐτίμησεν,
2149 4649 2193 4718 ut
2214 4640 2443 4720 rerbisutar

449 4758 577 4839 Dionis
602 4765 702 4842 Cass.
724 4764 826 4844 libr.
853 4764 952 4842 LIII.
976 4790 1010 4841 c.
1034 4769 1097 4842 30.
1147 4766 1249 4840 Hanc
1271 4764 1427 4867 Augusti
1451 4763 1646 4839 orationem
1678 4764 1898 4863 parentalem
1927 4762 1958 4837 si
1981 4786 2055 4835 non
2088 4764 2308 4902 evulgatum,
2343 4768 2443 4840 certe

451 4880 578 4959 alieubi
602 4892 779 4961 serratam
804 4883 849 4961 ad
874 4884 1118 4986 posteritatem
1142 4883 1366 4988 pervenisse,
1398 4905 1514 4984 paene
1538 4888 1673 4956 certum
1695 4886 1759 4955 est.
1808 4880 2017 4956 Plutarchus
2049 4881 2142 4955 euim
2171 4882 2207 4955 in
2234 4880 2445 4982 Comparat-

451 4999 642 5105 Pelopidae
664 5030 746 5080 cruu
768 5006 957 5099 Marcello,
987 5001 1250 5099 Syracusamm
1285 5008 1548 5104 expugnatore,
1583 4999 1663 5076 Vol.
1685 4997 1735 5077 Il.
1763 5025 1802 5101 p.
1789 5004 1914 5079 ..473
1938 5000 1985 5076 R.
2008 4997 2100 5074 inter
2132 5006 2312 5096 auctores,
2347 5025 2445 5102 quoa

452 5118 494 5197 iu
518 5121 701 5199 scribenda
725 5124 809 5200 Vita
830 5123 993 5204 Marcelli
1022 5128 1165 5199 secutus
1190 5129 1266 5213 est,
1301 5120 1460 5198 nominat
1492 5119 1599 5195 etiarn
1632 5118 1824 5195 Cmsareru
1855 5118 2074 5222 Angustum.
2132 5115 2206 5219 Qui
2233 5143 2316 5194 cum
2345 5119 2446 5197 libus

452 5236 621 5319 Marcelli
649 5243 820 5322 mentioni
850 5266 968 5346 neque
1000 5240 1040 5319 in
1068 5241 1339 5320 Commentariis
1370 5239 1416 5317 dc
1437 5240 1530 5331 lita
1557 5261 1645 5335 sua,
1676 5263 1793 5341 neque
1826 5237 1866 5315 iu
1899 5239 1972 5315 ullo
1995 5236 2066 5314 alio
2090 5260 2200 5341 opere
2220 5238 2339 5314 locum
2354 5236 2449 5318 dare

522 5472 554 5543 9)
569 5477 677 5535 Videtis
692 5483 782 5535 umen
798 5494 867 5550 quae
883 5480 918 5534 de
933 5476 1014 5535 Atlas
1030 5478 1122 5535 matris
1138 5480 1233 5536 mucre
1248 5481 1321 5537 intra
1335 5482 1422 5538 11111.
1471 5478 1548 5537 Libr.
1562 5478 1632 5535 LIV.
1647 5494 1671 5533 a
1687 5478 1730 5535 la
1746 5476 1781 5533 N.
1797 5476 1858 5534 117.
1873 5477 1935 5533 Vol.
1951 5478 1996 5534 Vl.
2012 5493 2040 5550 p.
2055 5477 2115 5534 113.
2132 5476 2216 5547 Stra,
2245 5474 2395 5547 Rupertiua
2411 5474 2451 5533 ed

456 5557 616 5638 admonebo.
649 5564 794 5621 Caeterum
814 5564 860 5636 qui
882 5565 917 5620 de
938 5564 1041 5621 innerb
1056 5565 1157 5636 publici
1173 5566 1278 5621 ratione
1295 5573 1323 5622 et
1339 5567 1421 5622 modo
1473 5564 1563 5622 Taciti
1579 5567 1649 5621 Anu.
1665 5564 1740 5620 Libr.
1755 5564 1801 5619 III.
1824 5560 1984 5639 abt-1.

455 5644 639 5719 earipaemnt;
656 5664 705 5706 eoa
726 5649 885 5723 nominarit,
911 5655 975 5723 post
993 5650 1148 5708 Fabricium
1169 5650 1207 5708 ed
1226 5650 1323 5708 Diocle
1346 5652 1423 5710 caes.
