5717 6575
1014 639 1245 730 PUERITIA,
1272 640 1518 713 Maotsrtus
1540 640 1597 714 Ac
1621 639 1812 713 subolis.
2357 635 2411 718 Ab

407 824 509 907 unde
535 834 634 906 orbas
656 826 705 905 sit
727 853 799 904 non
824 833 880 904 cst
903 824 949 903 ad
972 828 1235 934 intelligendum
1260 824 1410 910 dillieile.
1462 830 1496 909 A
1520 830 1680 908 Lucieno
1703 834 1743 906 in
1769 826 1933 906 Macrob.
1957 827 1982 904 l.
2003 854 2035 906 c.
2061 824 2189 905 dicitur
2210 824 2410 929 Apollodo-

407 976 475 1027 rus
505 948 749 1052 Pergamenus
780 949 935 1050 Augusti
961 945 1191 1034 dedetractor
1218 946 1422 1052 γενόμενος
1458 948 1525 1025 καὶ
1551 948 1625 1026 σὺν
1652 945 1912 1048 Ἀθηνοδώρῳ
1946 954 2001 1047 τῷ
2035 947 2184 1047 Ταρσεῖ
2208 939 2410 1046 φιλοσόφῳ

409 1063 623 1151 παιδεύσας
644 1061 775 1142 αὐτόν.
825 1066 907 1146 lam
923 1093 1002 1142 cum
1025 1070 1130 1172 vulgo
1159 1076 1347 1165 constaret,
1373 1071 1580 1171 Augustum
1602 1069 1811 1170 Apolloniae
1835 1064 1976 1143 dicendi
2001 1069 2170 1169 magistro
2195 1092 2300 1142 usum
2327 1087 2408 1140 esse

403 1184 630 1289 ‘Apollodoro
654 1185 816 1284 rhetore,
850 1184 998 1262 fuerunt
1020 1188 1104 1289 qui,
1132 1186 1280 1263 Luciani
1308 1189 1426 1264 verbis
1460 1188 1573 1263 obiter
1597 1188 1786 1289 inspectis,
1830 1195 1945 1262 totum
1971 1188 2089 1262 lecum
2116 1187 2167 1260 ita
2196 1186 2408 1285 acciperent,

410 1330 455 1382 ae
479 1306 512 1382 si
540 1303 787 1379 Athenodorus
822 1330 967 1407 quoque
1007 1307 1216 1406 Apolloniae
1243 1307 1502 1408 philosophiam
1524 1306 1710 1406 professus
1741 1314 1836 1382 esset
1863 1306 1982 1408 ibique
2011 1308 2074 1380 ille
2094 1305 2234 1407 juvenis
2262 1325 2407 1404 operam

412 1424 449 1500 ei
473 1422 642 1499 dedisset.
691 1423 744 1498 At
765 1422 887 1518 cidus,
918 1425 975 1526 qni
1004 1422 1204 1521 attenderit,
1232 1428 1375 1526 planum
1400 1427 1480 1521 erit,
1508 1425 1683 1501 rhetorem
1700 1426 1798 1499 illum
1814 1424 2069 1526 Apollodorum
2100 1431 2137 1500 ct
2159 1420 2409 1523 philosophum

411 1540 680 1619 Athenodorum
712 1542 922 1644 conjunctim
957 1543 1169 1618 aLuciano
1197 1543 1366 1644 proterii,
1402 1570 1476 1619 non
1504 1542 1600 1643 quod
1630 1545 1679 1618 illi
1718 1545 1755 1618 in
1785 1568 1857 1618 uno
1892 1543 2087 1645 codemque
2126 1543 2205 1616 loco
2238 1544 2408 1641 juvenem

413 1670 510 1737 artes
533 1686 577 1737 ac
602 1659 805 1762 disciplinas
836 1661 1035 1755 decuerint,
1076 1660 1140 1737 sed
1167 1661 1250 1763 quia
1277 1669 1429 1762 uterque
1457 1659 1647 1761 aliquando
1679 1662 1934 1764 Imperatorem
1971 1663 2167 1738 Gaesarem
2199 1661 2406 1760 Augustum

410 1780 612 1857 instituerat
640 1787 693 1875 et,
720 1778 757 1853 id
787 1778 882 1880 quod
903 1781 1064 1881 inprimis
1091 1781 1317 1856 memorabile
1340 1789 1435 1876 erat,
1462 1781 1569 1855 vitam
1598 1778 1645 1854 ad
1687 1780 1838 1856 duorum
1876 1790 1913 1857 et
1939 1782 2116 1884 octoginta
2144 1804 2319 1853 annorum
2349 1800 2411 1853 se-

409 1890 591 1975 nectutem
609 1894 913 1999 produxerat101)
963 1898 1101 1974 Deinde
1124 1901 1346 1974 ut'omittam
1375 1899 1431 1974 hic
1457 1906 1621 2001 repetere
1647 1926 1738 2001 quae
1760 1924 1872 2001 supra
1888 1908 1922 1992 §-
1944 1904 1980 1976 7.
2010 1898 2056 1974 de
2079 1899 2265 2001 Apollonia
2291 1894 2411 1971 disse·

412 2018 492 2116 sui,
515 2016 579 2094 isti
609 2017 765 2118 opinioni
792 2018 898 2093 etiam
923 2015 1130 2093 adversatur
1154 2018 1332 2093 silentium
1356 2016 1542 2094 Strabonis
1570 2024 1711 2093 caetera
1740 2019 1843 2093 conici
1867 2018 1941 2092 lata
1967 2043 2009 2093 ac
2039 2043 2100 2094 res
2130 2041 2211 2092 curn
2228 2040 2315 2091 cura
2339 2038 2410 2091 ex·

412 2135 589 2239 ponentis.
638 2134 732 2211 Nam
755 2137 820 2235 qui
837 2136 1210 2238 peregrinationes'''ah
1237 2138 1348 2211 audeo
1370 2136 1631 2237 susceptasloe)
1655 2136 1841 2239 diligenter
1863 2139 1940 2212 aliis
1963 2137 2004 2211 in
2032 2137 2121 2212 locis
2147 2139 2409 2230 commemorat,

414 2280 499 2332 eum
516 2254 600 2330 mili
618 2255 927 2357 persuasissimum
953 2262 1009 2330 est
1027 2254 1072 2328 dc
1092 2254 1162 2330 ista
1177 2255 1309 2349 Illyrici
1329 2254 1418 2329 urbe
1437 2253 1539 2331 Lihr.
1558 2254 1642 2332 vlt.
1657 2281 1689 2333 e.
1702 2260 1738 2332 5.
1763 2265 1795 2349 t.
1817 2258 1856 2333 9.
1882 2261 2044 2358 agentern
2071 2253 2338 2355 haudquaquam
2354 2251 2410 2357 εἰει

401 2372 522 2450 ‘lentio
548 2374 876 2474 praetermissurum
902 2372 1033 2462 scrisse,
1058 2372 1090 2448 si
1111 2398 1280 2476 nmquam
1310 2371 1559 2450 Athenodorus
1577 2374 1664 2470 ille,
1690 2372 1808 2451 Tarso
1837 2376 1978 2472 relicta,
2010 2373 2236 2474 Apolloniam
2262 2396 2302 2446 se
2321 2395 2410 2445 eon·

401 2482 573 2588 mrtem,
599 2490 758 2567 docenda
777 2493 999 2593 philosophia
1020 2492 1170 2566 nominis
1200 2493 1334 2566 samam
1354 2492 1505 2593 adeptus
1524 2493 1646 2568 ltdsset
1669 2493 1788 2593 ibique
1812 2516 1893 2568 eum
1916 2496 2066 2594 jurene,
2097 2492 2158 2594 qui
2186 2498 2313 2591 postea
2338 2488 2410 2564 im·

413 2612 678 2715 periillonrani
703 2608 863 2685 dominus
887 2610 1004 2686 sactus
1032 2617 1106 2707 est,
1138 2611 1296 2711 primum
1327 2611 1549 2687 iarrrilioriter
1568 2616 1776 2711 conjunctus
1800 2612 1934 2687 luisset.

512 2830 517 2837 Ι
567 2729 701 2807 Velm
719 2731 815 2804 mrim
830 2754 915 2803 vere
939 2754 1177 2831 qaaecumque
1193 2730 1238 2804 de
1256 2729 1376 2805 Stoico
1393 2731 1454 2804 illo
1471 2730 1653 2826 Tarsensi,
1675 2731 1829 2832 Augusti
1850 2731 1927 2805 sire
1947 2730 2117 2832 magistro
2137 2730 2213 2804 sive
2238 2727 2409 2823 audeas

415 2846 648 2950 scriptoribus
662 2848 852 2923 memoriae
869 2848 1010 2949 prodita
1024 2849 1195 2949 legimus,
1228 2873 1294 2923 nos
1315 2874 1359 2923 eo
1383 2846 1578 2946 deducunt,
1606 2860 1647 2923 ut
1672 2850 1767 2922 illam
1791 2848 2080 2924 consuetudinem
2096 2852 2189 2924 inter
2217 2855 2408 2945 utrumque

419 2975 541 3045 natam
558 2965 701 3043 demina
717 2982 798 3042 esse
814 2965 973 3042 dicamus
998 2965 1133 3067 aliquot
1151 2968 1251 3043 annis
1271 2975 1376 3068 post,
1410 2990 1517 3068 quam
1545 2968 1633 3045 Julii
1653 2967 1816 3042 Caesaris
1836 2968 2021 3043 Dictatoris
2041 2969 2163 3063 heres,
2190 2965 2408 3040 triumviratu

340 3074 343 3078 ¹
414 3086 518 3184 inito,
535 3084 679 3163 devictis
699 3084 745 3159 ad
761 3084 943 3188 Philippos
965 3088 1127 3161 avunculi
1144 3111 1391 3187 percussorum
1406 3085 1624 3186 principibus
1644 3085 1684 3159 in
1701 3085 1836 3159 Italiam
1859 3111 2037 3181 reversus,
2063 3085 2117 3161 ibi
2131 3110 2218 3161 mox
2237 3081 2406 3158 factionis

415 3204 639 3281 Antonianae
658 3204 779 3279 amicis
794 3229 966 3306 prospere
985 3208 1176 3306 oppressis,
1192 3206 1304 3307 ipsam
1321 3206 1472 3280 Romam
1488 3230 1609 3281 rerum
1623 3202 1859 3307 gerendarmn
1876 3230 1918 3279 ac
1932 3205 2043 3280 veluti
2061 3206 2199 3307 imperii
2215 3204 2270 3278 sui
2285 3198 2408 3276 sedem

415 3325 569 3402 seeimet.
619 3323 707 3400 lnde
736 3321 781 3399 ab
800 3325 866 3399 hoc
889 3333 1045 3424 ternpore
1065 3325 1103 3398 in
1120 3325 1386 3400 universum-ea
1406 3325 1509 3399 vitae·
1526 3325 1865 3424 privatac‘instituta
1893 3327 2011 3426 palam
2032 3326 2132 3427 sequti
2159 3323 2297 3423 coepit,
2317 3343 2408 3422 quae

415 3442 587 3521 Romanis
616 3469 659 3520 se
681 3442 963 3519 commendarent
989 3443 1202 3542 antiquitatis
1228 3442 1333 3518 laude
1362 3451 1399 3519 ct
1425 3444 1532 3517 animi
1546 3425 1725 3543 morisque
1751 3443 1864 3517 civilis
1885 3443 2011 3544 specie.
2049 3445 2160 3519 luter
2185 3443 2274 3516 haec
2300 3440 2408 3515 otiam

417 3560 507 3640 illud
525 3561 610 3657 hait,
629 3560 723 3664 quod
749 3563 886 3636 Romae
908 3561 1120 3657 invaluerat,
1148 3588 1196 3637 ex
1221 3587 1312 3664 quo,
1346 3569 1386 3636 ut
1407 3563 1540 3636 Poetae
1561 3562 1677 3636 verbis
1709 3571 1810 3657 utar,
1840 3561 1990 3638 Graecia
2014 3571 2118 3663 capta
2149 3560 2267 3636 lerum
2292 3559 2407 3634 victo·

420 3705 499 3759 rem
523 3690 666 3782 ceperat
690 3688 726 3756 et
757 3688 849 3755 artes
872 3682 1040 3755 intulerat
1064 3681 1197 3784 agresti
1219 3680 1337 3757 Latio.
1386 3680 1571 3780 Principes
1595 3681 1729 3781 quique¹
1749 3680 1989 3755 Romanorum
2013 3688 2050 3755 et
2072 3682 2288 3756 humanitate
2312 3676 2408 3778 poli·
2454 3760 2461 3774 ,

401 3801 534 3876 'tiores
547 3799 645 3875 domi
669 3825 788 3875 secum
810 3800 940 3875 babere
969 3795 1128 3874 solebant
1161 3798 1414 3874 eruditissimos
1448 3799 1607 3874 homines
1641 3823 1688 3874 cx
1721 3797 1892 3894 Graecia,
1927 3800 2138 3900 praesertim
2172 3797 2405 3899 philosophos

403 3943 551 4022 ‘eosque
574 3918 733 4014 Stoicos,
756 3918 863 4021 idque
889 3918 1152 3993 contubernium
1176 3916 1301 3992 honori
1329 3915 1397 3991 sihi
1420 3942 1462 3992 ao
1491 3917 1608 3992 deco1i
1634 3915 1820 3994 ducebant.
1866 3919 1940 3994 Res
1965 3920 2052 3994 satis
2080 3925 2163 3994 nota
2199 3924 2237 3992 et
2266 3913 2404 3993 nvtris

416 4037 815 4140 noetumposiawt).
866 4035 1163 4113 consectabantur
1188 4062 1250 4112 eos
1276 4035 1458 4132 Graecos,
1480 4061 1628 4138 quorum
1650 4037 1705 4110 vel
1730 4034 1857 4112 studiis
1880 4036 2114 4111 volneribus
2136 4032 2405 4129 delectarentur,

418 4158 452 4233 si
479 4154 620 4264 quidem
642 4181 691 4232 ex
715 4139 889 4258 ejusmodi
913 4156 1095 4231 hominum
1115 4181 1186 4229 usu
1208 4164 1243 4231 et
1266 4155 1518 4234 consuetudine
1544 4154 1748 4255 quotidiana
1780 4153 1877 4229 haud
1899 4179 2024 4255 parum
2053 4153 2098 4229 ad
2119 4155 2252 4257 ingenii
2275 4151 2406 4230 animi·

419 4299 490 4394 que
512 4277 680 4353 culturom
703 4274 873 4379 prolicere
896 4274 966 4351 sibi
987 4272 1209 4352 videbantur.
1258 4274 1477 4377 Praecipuus
1499 4273 1545 4349 dc
1569 4274 1636 4350 hoo
1660 4299 1759 4352 more
1782 4276 1881 4352 loeus
1898 4274 2076 4351 inuenitur
2099 4271 2194 4378 apud
2217 4274 2404 4352 Aelianum

417 4510 528 4567 nodus
541 4510 654 4567 lsflrrrds
668 4511 789 4568 stabilire
805 4529 837 4568 ac
853 4513 922 4569 tueri
939 4514 1053 4583 maduit,
1076 4529 1188 4585 eamque
1209 4513 1269 4570 sine
1287 4513 1389 4584 judicio
1498 4510 1562 4584 102)
1579 4513 1625 4570 Sic
1637 4514 1735 4570 Strabo
1748 4515 1824 4574 Lar.
1839 4516 1910 4571 XVI·
1927 4514 1989 4571 at.
2007 4514 2034 4585 ς.
2046 4518 2088 4573 21.
2106 4515 2236 4572 Tomvl.
2246 4533 2273 4585 p.
2283 4512 2403 4569 ltz’l's.

398 4613 453 4652 ,ω
469 4602 570 4652 ammo
590 4596 707 4668 septen
725 4605 788 4654 eunt
808 4615 843 4656 cx
860 4599 917 4654 W·
934 4601 995 4674 DI),
1016 4601 1111 4656 seam
1133 4607 1242 4656 nosnos
1258 4599 1392 4671 permulti.
1432 4599 1577 4655 ‹chrsbia
1587 4615 1670 4667 apem
1685 4601 1736 4655 ait:
1754 4594 1905 4670 γενόμενος
1914 4604 1987 4669 γοῦν
1998 4598 2075 4669 παρὰ
2086 4604 2143 4661 τοῖς
2160 4602 2303 4666 [trapetas
2316 4593 2405 4664 'Atq-

415 4681 542 4749 Longrun
561 4687 604 4735 cst
625 4697 782 4736 enumerare
798 4683 926 4751 singulos.
960 4683 1082 4739 Solliclet
1104 4697 1325 4739 commemorasse
1346 4683 1390 4738 hic
1431 4676 1571 4753 rddepcc,
1588 4678 1657 4752 ἀνὴρ
1675 4677 1830 4753 φιλόσοφος
1852 4671 1899 4735 rol
1916 4673 1985 4753 ἡμῖν
2002 4683 2122 4753 ἑταῖρος,
2145 4683 2265 4753 διηγεῖτο
2288 4675 2403 4752 renud-

415 4765 627 4821 laudatissimum
643 4782 710 4836 opus
726 4767 773 4821 Fr.
790 4767 930 4822 Schoellii:
948 4770 1097 4822 Gescltclte
1114 4772 1139 4821 et.
1152 4769 1390 4823 ertect.1.tuem-
1431 4768 1493 4828 tor.
1525 4770 1569 4823 Ex
1585 4786 1638 4838 qno
1654 4770 1715 4823 loco
1732 4785 1786 4823 uon
1803 4775 1903 4823 temere
1919 4770 2044 4837 colligas,
2067 4770 2266 4823 Athenodorum
2289 4769 2318 4821 in
2332 4769 2401 4821 Ara·

417 4858 506 4905 turs.
516 4865 582 4906 use.-
598 4851 659 4906 Vol.
673 4851 707 4906 ll.
723 4867 750 4921 p.
762 4849 823 4905 cca
840 4868 875 4906 ex
886 4852 1001 4922 interpr.
1011 4853 1122 4909 Pinderi
1137 4852 1240 4921 (iterat.
1254 4853 1330 4909 isco.
1342 4851 1391 4921 8.),
1432 4853 1478 4906 bia
1493 4853 1692 4923 peregrinamur
1708 4869 1768 4907 esse
1784 4859 1813 4907 et
1829 4867 1875 4921 ea,
1893 4855 2068 4922 qnaestrabo
2086 4855 2121 4908 de
2136 4856 2233 4924 Petra,
2248 4849 2404 4907 Nabuthae·

396 4959 399 4966 ·
415 4934 466 4990 rbi
481 4931 549 4989 haec
562 4933 701 5003 hmturz
716 4936 925 4999 ,uacuum
943 4938 1027 4991 talete
1038 4940 1082 4991 dte
1093 4937 1388 5006 Pauoreplteasdpcl-
1430 4951 1507 4991 omm
1523 4939 1604 5007 urbe,
1620 4938 1731 5008 prodat,
1746 4953 1807 4993 cunr
1823 4937 1909 4992 amico
1926 4938 2144 4995 mmmunicasse.

416 5019 669 5087 mataplan,
686 5035 728 5072 soe
751 5021 880 5074 wara·
897 5021 944 5074 ihs
961 5022 1043 5077 barte.
1076 5023 1119 5075 llr
1139 5022 1223 5090 solete
1245 5023 1304 5074 ders
1327 5020 1389 5074 edr-
1418 5057 1421 5064 -

416 5103 538 5173 piatque
557 5103 687 5173 Misy
708 5104 778 5158 aaa
797 5107 868 5160 aon
887 5107 945 5160 esd
966 5107 1054 5160 tes'teta
1075 5107 1150 5159 setae
1168 5106 1285 5160 Selsltts
1306 5104 1390 5160 durch
1498 5106 1560 5175 lca)
1576 5105 1698 5163 Pertinet
1718 5106 1771 5161 lma
1790 5106 1934 5178 peculisfls
1954 5108 2090 5163 Plutarchi
2110 5109 2215 5163 libellus
2236 5122 2317 5175 snpra
2336 5105 2402 5164 Not

416 5189 500 5244 nan
513 5186 722 5255 uacarent
973 5213 977 5220 ·
1428 5189 1473 5247 oc.
1490 5198 1724 5259 commemoratas,
1739 5192 1785 5246 ubl
1802 5193 1882 5246 etium
1898 5193 2077 5250 Romanorum
2088 5194 2190 5261 aliquot
2199 5194 2322 5260 exempla
2337 5207 2403 5261 pro·

487 5272 549 5338 1⁰1)
566 5271 675 5326 Etruria
690 5272 767 5327 latim
783 5274 884 5329 tentem
898 5275 954 5343 iam
967 5274 1072 5346 spernit
1083 5273 1250 5331 ceremth.
1262 5273 1395 5329 deRhoer
1426 5275 1566 5344 teruntur,
1583 5276 1678 5343 quibos
1695 5276 1765 5330 adde
1778 5292 1826 5345 es,
1844 5291 1912 5345 quas
1928 5278 2031 5331 monuit
2042 5277 2249 5333 ilenrichsenius
2266 5277 2301 5330 ad
2313 5277 2404 5334 Cicer.

416 5353 450 5412 ln
462 5355 577 5412 Μ
594 5355 631 5411 de
646 5357 749 5412 anain
764 5358 860 5413 Litter.
877 5359 956 5415 Caes
971 5363 1042 5429 Aug.
1059 5360 1127 5429 Cap.
1143 5360 1165 5415 l.
1183 5357 1211 5427 9.
1226 5359 1255 5415 4¹
1269 5378 1297 5429 p.
1314 5360 1394 5429 ltlsq.
1426 5359 1462 5413 de
1480 5362 1556 5414 Orat.
1573 5358 1647 5415 Libr.
1668 5359 1701 5413 n.
1724 5375 1748 5415 c.
1764 5361 1807 5416 st.
1824 5358 1852 5427 ς.
1869 5360 1929 5415 rat.
1949 5379 1976 5432 p.
1995 5364 2054 5418 216.
2072 5368 2101 5416 et
2116 5377 2184 5429 qnae
2204 5377 2240 5416 ex
2255 5362 2404 5432 Imperato-

391 5461 398 5472 ·
416 5443 461 5498 Aa
476 5441 599 5512 prom
621 5441 738 5497 dubitari
753 5443 846 5512 nequit
866 5443 944 5513 quin,
961 5451 1092 5498 ea'mens
1112 5443 1136 5498 si
1152 5444 1273 5498 Lucieno
1289 5443 1393 5513 inient,
1425 5459 1485 5498 rum
1507 5445 1584 5498 Rom·
1602 5444 1764 5514 temporibus
1786 5446 1896 5513 subegit
1911 5446 2047 5513 Gierigius
2069 5446 2097 5499 in
2114 5446 2227 5502 llxenra
2242 5447 2278 5502 11.
2294 5446 2330 5501 sd
2345 5447 2403 5504 Pli-

415 5525 500 5580 soeibl
512 5525 547 5581 ab
560 5539 597 5579 eo
607 5525 755 5581 debuisset:
772 5522 942 5589 διδάσκαλος
957 5525 990 5581 tr
1001 5524 1170 5598 Ἀπολλωνίᾳ
1185 5522 1337 5599 γενόμενος
1346 5535 1393 5585 sut
1425 5529 1466 5582 nii
1482 5529 1568 5597 Epist.
1585 5529 1665 5584 Toni.
1681 5529 1712 5584 ll.
1729 5547 1755 5599 p·
1772 5530 1824 5585 545
1841 5547 1899 5599 sqq.
1912 5531 1948 5587 cl.
1960 5529 2149 5596 Bernhardyns
2160 5530 2191 5585 in
2200 5531 2277 5588 libat
2294 5532 2403 5587 drusel-

410 5603 1034 5682 amma-ammarum
1425 5613 2158 5687 mwoeeaucmtetontptatuqq.
