5717 6575
1325 1355 1648 1445 laxemus
1689 1361 1760 1434 11.

1510 1528 1570 1597 DE

1009 1691 1531 1797 ,CAESARIS
1594 1692 2046 1800 ‘AUGUSTI

1169 1933 1428 2014 moninus
1464 1933 1532 2014 uu
1561 1900 1910 2061 muuauuovus.
1987 1967 1991 1984 ·

1402 2146 1659 2162 m

557 2309 680 2411 Mihi
701 2339 869 2412 summatim
889 2339 939 2407 bic
960 2339 1133 2431 expositore
1156 2339 1193 2406 de
1215 2338 1346 2428 Augusti
1368 2339 1519 2406 amoribus
1541 2346 1573 2405 et
1593 2339 1807 2424 matrimoniis,
1835 2334 1958 2428 quorum
1980 2338 2127 2407 electione
2149 2352 2179 2406 et
2201 2362 2256 2406 usu
2278 2342 2385 2409 crebra
2407 2359 2449 2413 ue
2465 2367 2524 2412 mu·

560 2432 674 2497 tatione
695 2449 791 2531 neque
813 2427 892 2493 vitae
910 2447 987 2495 suae
1009 2425 1100 2492 saluti
1121 2447 1218 2514 neque
1239 2427 1338 2491 lamae
1360 2425 1437 2492 bene
1459 2424 1646 2491 consuluisse
1667 2425 1884 2491 existimandus
1906 2434 1970 2508 est,
2002 2447 2061 2492 non
2085 2424 2167 2491 lubet
2188 2449 2252 2492 cum
2275 2449 2347 2493 cura
2369 2428 2524 2496 ducere-de

561 2515 662 2581 multis
684 2532 834 2601 varrusque
856 2508 1067 2594 dedecoribus,
1096 2530 1218 2599 quorum
1240 2511 1393 2576 infamiam
1414 2511 1511 2600 prima
1533 2510 1735 2577 adolescentia
1757 2511 1885 2576 subiisse
1907 2509 2023 2577 dicitur.
2067 2508 2151 2584 Quae
2173 2510 2200 2577 si
2223 2513 2288 2599 quis
2319 2513 2524 2601 antiquitatem

483 2604 487 2610 '
563 2594 704 2666 utramvis
717 2599 846 2681 noverit,
860 2598 1045 2662 mirationem
1060 2595 1089 2661 ei
1102 2594 1215 2661 nullam
1227 2596 1329 2679 faciet,
1351 2595 1604 2683 neqne'ejusmodi
1620 2596 1817 2678 contumeliis,
1839 2595 1943 2695 quibus
1956 2595 2130 2685 optimorum
2146 2616 2324 2684 quorumque
2339 2607 2372 2664 et
2385 2599 2524 2667 maximo·

546 2707 625 2751 rum
648 2685 777 2750 virorum
799 2682 1030 2748 adolescentiam
1052 2692 1082 2745 et
1104 2681 1212 2746 famam
1233 2680 1488 2764 dehonestarent,
1511 2682 1632 2746 multum
1655 2683 1775 2746 tribuet.
1818 2679 1872 2746 Suc
1893 2680 2001 2744 lamam
2023 2680 2097 2746 Julii
2120 2678 2282 2764 Caesaris,
2311 2691 2344 2748 ut
2365 2683 2424 2748 boc
2449 2693 2524 2764 uter,

561 2771 649 2857 gravi
672 2778 702 2834 et
723 2769 848 2858 perenni
871 2767 1030 2856 opprobrio
1051 2765 1224 2831 Nicomedis
1246 2766 1471 2831 contubernium
1493 2766 1619 2831 laesisse
1641 2764 1770 2830 maditus
1790 2787 1808 2830 a
1830 2765 1976 2830 Suetonio
1998 2763 2024 2830 l.
2047 2764 2084 2833 C.
2107 2788 2133 2832 e.
2154 2765 2206 2834 46.
2227 2766 2351 2833 Pariter
2369 2768 2525 2854 Augustus

480 2890 486 2895 ·
562 2855 682 2921 nomine
703 2852 904 2942 impudicitiae
920 2852 945 2933 ¹)
967 2852 1129 2917 infamatus
1158 2859 1206 2916 est
1234 2872 1253 2915 a
1281 2850 1398 2932 multis,
1428 2860 1550 2916 auctore
1573 2849 1718 2915 Suetonio
1741 2873 1767 2915 c.
1789 2847 1859 2932 68.,
1886 2871 2009 2937 eumque
2038 2850 2223 2940 adoptionem
2246 2850 2386 2917 avuncuii
2458 2853 2524 2920 'orie

562 2948 665 3028 stupro
688 2939 833 3004 meruisse
855 2937 900 3002 Μ.
924 2937 1073 3001 Antonius
1096 2935 1261 3001 maledictis
1284 2957 1333 3000 cre
1355 2937 1434 3016 abst,
1458 2935 1650 3024 depromptis,
1672 2942 1705 2999 ut
1727 2933 1835 3002 Cicero
1857 2941 1939 3000 recte
1961 2935 2014 3018 ait,
2036 2957 2076 3000 ex
2096 2934 2303 3016 recordatione
2318 2935 2523 3026 'impudicitiae

545 3032 595 3097 ‚ot
616 3021 785 3113 stuprorum
807 3041 943 3088 suorums
965 3019 1026 3086 vid.
1048 3020 1180 3109 Philipp.
1201 3020 1259 3085 lll.
1282 3042 1307 3086 c.
1329 2957 1359 3086 6
1400 3020 1503 3085 Nolim
1526 3028 1625 3084 tamen
1647 3041 1683 3083 ea
1704 3019 1735 3084 in
1758 3041 1791 3084 re
1812 3017 1929 3108 plenam
1951 3017 2039 3085 fidem
2053 3020 2158 3086 haberi
2177 3019 2339 3110 pudicitiae
2362 3027 2396 3087 et
2417 3023 2523 3091 saucti-

563 3106 634 3179 tatis
657 3107 749 3190 laudi,
770 3122 857 3195 quam
877 3105 985 3171 ibidem
999 3105 1112 3171 Orator
1125 3106 1193 3177 huie
1204 3104 1387 3170 adolescenti
1399 3105 1542 3193 impertit,
1564 3103 1671 3168 nedum
1687 3104 1856 3171 testimonio
1867 3102 1986 3169 Nicolai
1998 3105 2181 3172 Damasceui
2194 3105 2231 3170 de
2247 3104 2363 3174 vind
2410 3130 2458 3176 .c.
2476 3108 2522 3179 15.
2561 3131 2566 3144 ·

564 3193 611 3260 Ac
633 3193 765 3281 quamvis
796 3190 934 3257 lubenter
960 3188 1120 3255 concedam
1151 3188 1297 3256 Suetonio
1321 3210 1348 3255 c.
1370 3189 1423 3256 71.
1446 3189 1627 3274 affirmanti,
1654 3188 1767 3254 nullum
1798 3189 1862 3254 sive
1890 3189 2002 3255 crimen
2031 3192 2095 3255 sive
2124 3188 2311 3257 maledictum
2341 3191 2464 3260 sanlius
2488 3192 2523 3261 ab

565 3279 631 3367 ipso
667 3277 829 3344 refutatum
862 3298 947 3361 csse,
979 3298 1064 3377 quam
1093 3273 1245 3340 iniamium
1280 3272 1501 3365 impudicitiae,
1539 3296 1596 3363 qua
1632 3273 1853 3341 adolescentiae
1888 3274 2050 3363 integritas
2080 3275 2235 3365 inquinata
2265 3276 2393 3360 luisset3
2424 3289 2523 3358 tam

560 3364 642 3429 ‘banc
663 3361 780 3428 laudem
803 3360 840 3425 ad
860 3374 1076 3449 provectorem
1098 3361 1188 3425 vitam
1210 3360 1396 3450 potissimum
1422 3357 1666 3459 restringendam
1695 3382 1763 3426 esse
1792 3381 1927 3445 censeo,
1949 3382 2008 3447 qua
2034 3361 2144 3428 infirmi
2176 3362 2310 3451 corporis
2340 3385 2416 3431 eura
2442 3373 2523 3432 mee

565 3448 657 3515 fuerit
677 3456 708 3513 et
730 3446 895 3531 longioris,
917 3468 1002 3535 quam
1025 3446 1194 3535 exspectari
1215 3456 1351 3535 poterat,
1372 3446 1454 3510 vitae
1476 3444 1606 3509 studium
1629 3445 1757 3510 creverit
1797 3444 1873 3531 quod
1895 3445 2043 3512 Priuees
2072 3446 2170 3514 lactus
2201 3447 2329 3515 habebat
2357 3448 2419 3515 sibi
2450 3470 2522 3519 cure·

565 3531 834 3613 mendatissimum:
857 3529 920 3596 vid.
941 3530 1068 3596 Sueten.
1090 3552 1115 3597 c.
1136 3528 1189 3596 Sl.
1212 3538 1244 3595 et
1263 3554 1291 3598 c.
1311 3528 1364 3597 82.
1405 3530 1519 3604 Verum
1542 3529 1664 3615 gravius
1688 3528 1745 3596 '‘llu
1789 3539 1858 3613 est,
1887 3530 1964 3620 quod
2013 3532 2149 3598 uetouius
2171 3554 2196 3600 c.
2217 3529 2269 3600 71.
2295 3533 2431 3622 ingenue
2458 3556 2521 3625 pra

565 3618 664 3682 lessus
686 3616 844 3682 memoriae
866 3616 979 3704 prodit:
1010 3613 1124 3699 „Circa
1151 3613 1291 3681 libidines
1320 3615 1434 3681 haesit:
1461 3623 1567 3733 postea
1593 3635 1724 3702 quoque,
1753 3620 1785 3679 ut
1805 3615 1921 3698 lerunt,
1949 3612 1986 3682 ad
2020 3615 2168 3682 uitiandas
2189 3616 2324 3703 virgines
2352 3621 2522 3710 promptior,

566 3723 641 3788 quae
663 3701 720 3766 eibi
742 3698 882 3788 undique,
904 3701 994 3766 etiam
1015 3701 1052 3765 ab
1076 3720 1169 3766 uxore
1191 3700 1459 3787 conquirerentur.‘
1522 3698 1607 3765 Haec
1636 3719 1692 3787 quo
1721 3701 1819 3766 minus
1844 3703 1932 3766 unice
1959 3698 1997 3767 ad
2018 3702 2152 3788 Augusti
2178 3701 2268 3768 vitam
2291 3701 2521 3772 Triumviralem

566 3788 689 3873 ejusque
711 3784 829 3868 sordes,
851 3785 955 3874 quibus
978 3784 1106 3873 squalet,
1127 3807 1310 3868 revocemus,
1333 3786 1453 3850 obstant
1474 3782 1684 3883 quodammodo
1707 3782 1879 3936 soquent'p,
1910 3805 1985 3872 quae
2006 3791 2063 3851 uo's
2086 3786 2174 3852 etiam
2204 3784 2241 3851 de
2262 3784 2442 3877 Principatu
2462 3791 2521 3878 eJus

566 3872 700 3958 cogitare
717 3871 853 3958 jubeant.
895 3869 958 3936 Sed
981 3881 1080 3936 tamen
1101 3869 1179 3935 idem
1203 3868 1364 3936 Suetonius
1386 3869 1511 3956 adjectus
1534 3869 1632 3934 verbis
1654 3880 1711 3945 „ot
1732 3870 1826 3952 [mue
1880 3867 2014 3935 candide·
2026 3870 2155 3953 fatetur,
2178 3872 2264 3958 sequi
2284 3893 2319 3937 se
2342 3873 2373 3940 iu
2396 3874 2446 3942 bis
2467 3884 2521 3943 ka·

542 3998 545 4004 -
567 3955 672 4022 dendis
691 3955 777 4043 vulgi
798 3977 946 4038 rumorum
967 3954 1016 4021 vel
1038 3954 1198 4020 vanitatem
1220 3953 1270 4019 vel
1291 3954 1516 4039 malignitatem.
1559 3952 1713 4020 E‘usmodi
1737 3954 1859 4020 crimina
1881 3954 2012 4021 libidinis
2034 3962 2107 4020 sunt
2134 3956 2307 4040 maximam,
2322 3965 2370 4023 ‘ut
2399 3959 2520 4042 videtur,

565 4053 679 4131 partem
702 4040 838 4127 prolecta
865 4061 884 4104 a
906 4040 951 4105 M.
972 4040 1122 4123 Antonio,
1150 4039 1268 4104 homine
1289 4038 1448 4103 libidinoso
1470 4046 1501 4103 st
1521 4037 1577 4102 adu
1593 4054 1676 4121 tero,
1706 4040 1748 4104 nti
1776 4061 1814 4104 ex
1836 4038 1981 4104 Suetonio
2003 4062 2030 4105 c.
2051 4039 2103 4105 66.
2125 4040 2323 4128 intelligitur,
2346 4052 2419 4110 sunt
2439 4049 2520 4111 etiam
2562 4083 2567 4100 ·

566 4123 709 4189 nonnulla
731 4143 745 4185 s
767 4125 894 4206 urciora,
916 4145 1002 4210 quam
1024 4144 1098 4211 qnae
1121 4125 1201 4189 omni
1223 4134 1368 4211 exparte
1389 4122 1476 4210 fidcnq
1498 4122 1632 4187 invenire
1655 4130 1774 4210 queant.
1796 4124 2011 4194 Gravissimum
2032 4126 2161 4190 omnium
2183 4148 2254 4191 vero
2276 4126 2350 4192 illud
2372 4138 2432 4214 est,
2450 4129 2519 4217 quod

568 4208 730 4274 Suetonius
746 4146 773 4272 i.
795 4229 820 4274 e.
842 4216 961 4273 narrat:
983 4208 1175 4294 „Augustum
1204 4207 1351 4271 adulteria
1380 4206 1497 4293 quidem
1526 4207 1713 4291 exercuisse,
1745 4230 1785 4272 ne
1813 4209 1898 4273 amici
1929 4208 2044 4296 quidem
2074 4219 2206 4290 negant;
2233 4221 2416 4279 excusantes
2444 4235 2520 4291 saue,

570 4313 629 4357 non
653 4291 795 4373 libidine,
823 4294 876 4356 sed
906 4291 1022 4356 ratione
1054 4293 1230 4373 commissa,
1283 4313 1319 4357 uo
1348 4291 1467 4357 facilius
1489 4291 1616 4357 consilia
1636 4293 1873 4358 adversariorum
1893 4314 1948 4381 per
1969 4295 2110 4380 cujusque
2132 4296 2272 4360 mulieres
2285 4299 2485 4383 exquireret“
2498 4303 2520 4372 ²)

569 4376 700 4443 Reseras
724 4377 779 4441 buc
801 4374 877 4461 quod
899 4398 989 4474 supra
1010 4374 1082 4441 Lib.
1106 4376 1130 4443 1.
1152 4375 1179 4460 6.
1203 4373 1254 4441 10.
1263 4313 1314 4440 (ΙΝ
1337 4375 1376 4443 V.
1397 4374 1436 4441 de
1457 4376 1653 4442 Athenodoro
1675 4390 1826 4442 narratum
1848 4386 1904 4442 cst.
1947 4377 2059 4447 Verum
2087 4388 2185 4444 tamen
2217 4381 2290 4445 baec
2319 4404 2437 4471 quoque
2457 4405 2518 4474 pro

568 4460 657 4549 pudia
679 4459 815 4525 videntur
836 4459 1021 4549 potissumum
1043 4461 1080 4526 ab
1104 4462 1242 4547 Augusto
1264 4460 1438 4525 Triumviro
1461 4461 1616 4526 commissa
1638 4482 1716 4526 esse.
1751 4462 1856 4549 Neque
1878 4483 1942 4527 eum
1967 4463 2123 4528 immunem
2143 4465 2180 4528 ab
2203 4464 2258 4529 hoc
2279 4466 2397 4532 scelere
2421 4477 2519 4534 tutum·

589 4567 624 4610 ue
646 4553 781 4633 praestat
802 4543 975 4646 disciplinae
997 4546 1155 4627 severitas,
1199 4567 1235 4610 ua
1256 4546 1288 4610 in
1309 4544 1385 4610 alios
1408 4545 1559 4611 adulteros
1581 4545 1829 4611 animadvertisse
1851 4547 1963 4627 fertur,
1987 4551 2031 4613 uti
2052 4547 2213 4614 Proculum
2242 4571 2282 4614 ex
2309 4571 2380 4617 acce
2404 4554 2519 4638 tissiupis
2566 4594 2569 4600 ·

567 4630 683 4695 libertis
706 4629 780 4694 mori
802 4644 903 4715 coegit
924 4638 1104 4718 compertum
1126 4568 1295 4695 aduiteram
1316 4638 1492 4713 matronas,
1521 4638 1599 4696 teste
1631 4631 1776 4697 Suetonio
1797 4653 1822 4699 c.
1844 4630 1895 4698 67.
1939 4631 2087 4697 Similiter
2115 4632 2215 4699 Julius
2245 4633 2360 4702 Caesar
2381 4573 2518 4705 iibertum

568 4713 770 4862 qnotissimurq
793 4715 830 4865 qq
852 4713 1046 4864 adulpgramm
1069 4715 1187 4802 Equitis
1208 4714 1341 4781 Romani
1361 4736 1502 4799 uxorem,
1531 4715 1663 4803 quamvis
1683 4714 1766 4783 nullo
1796 4722 1955 4803 querente,
1984 4716 2103 4807 capitali
2130 4716 2234 4784 affecit
2253 4740 2367 4807 poena,
2395 4732 2430 4790 ut
2450 4725 2538 4791 idem·

570 4799 731 4864 Suetonius
771 4843 779 4864 .
831 4821 887 4866 .c.
953 4806 1096 4865 ‚narrat

637 5120 667 5188 1)
685 5122 791 5175 Nomen
808 5122 1007 5187 tmpoutctttae
1024 5119 1051 5174 h.
1068 5122 1088 5174 l.
1106 5120 1248 5189 speciatim
1266 5126 1413 5189 usurpator
1431 5120 1465 5172 de
1482 5120 1533 5174 fle·
1603 5117 1659 5201 ·2)
1692 5120 1832 5177 BCrusins
1850 5122 1884 5175 sd
1903 5120 1929 5178 b.
1947 5125 1966 5178 l.
1985 5123 2109 5179 Suetonii
2129 5124 2244 5193 pulchre
2260 5091 2415 5184 admonuitr
2432 5131 2518 5200 „illan

569 5188 669 5255 gitioso
687 5195 781 5243 eontra
799 5197 924 5244 naturam
943 5194 1037 5256 stupro
1055 5192 1177 5254 marium,
1202 5189 1245 5242 cni
1270 5190 1416 5257 opponitur
1432 5191 1532 5258 tietdo,
1559 5196 1690 5243 rainonem
1709 5191 1794 5243 fuisse
1812 5192 2000 5246 scelestiorem
2018 5193 2079 5262 ipsa
2096 5193 2227 5262 libidine,
2254 5212 2337 5264 quam
2362 5209 2520 5254 excusarent

452 5293 456 5303 ·
568 5274 637 5325 quae
655 5259 689 5310 ds
706 5258 867 5312 seminarum
886 5256 1095 5323 consuetudine,
1120 5257 1164 5309 eui
1187 5258 1247 5324 quis
1272 5257 1377 5310 nelarie
1398 5258 1534 5325 indulget,
1559 5258 1649 5325 amici,
1667 5260 1713 5311 sed
1732 5262 1882 5326 Augustum
1902 5260 1994 5329 utique
2012 5262 2097 5315 luisse
2113 5278 2188 5329 eum,
2212 5264 2260 5329 qui
2282 5283 2316 5318 ne
2334 5283 2447 5336 peecare
2464 5268 2519 5336 qui·

570 5323 624 5375 κατ’
645 5322 740 5389 ἐξοχὴν
757 5328 872 5380 dieitur:
900 5326 955 5379 vid.
974 5325 1060 5393 lntpp.
1085 5325 1120 5377 ad
1138 5326 1252 5378 Sueten.
1271 5327 1291 5377 l.
1309 5328 1342 5379 C.
1360 5342 1383 5377 c.
1399 5326 1443 5379 te.
1462 5328 1534 5391 Aug.
1559 5327 1619 5378 dem
1637 5326 1696 5379 sine
1713 5332 1771 5380 arte
1789 5333 1817 5380 et
1834 5329 1899 5381 dolo
1924 5330 2048 5396 posset.“
2081 5331 2280 5398 Propndiosam
2303 5334 2376 5389 beno
2394 5338 2518 5390 Venerem

570 5410 592 5445 c.
610 5394 652 5446 68.
670 5394 750 5447 etad
769 5397 881 5448 Sallust.
894 5394 956 5456 Cet,
976 5407 999 5449 e.
1018 5394 1060 5446 lul.
1096 5392 1232 5458 Ceterum,
1251 5393 1296 5461 qni
1314 5394 1347 5445 de
1364 5392 1407 5445 bis
1416 5394 1534 5460 Augusti
1559 5395 1674 5447 alienam
1691 5394 1779 5447 videri
1797 5398 1831 5449 ab
1842 5398 1968 5463 Augusto
1986 5405 2015 5451 et
2030 5398 2089 5451 sine
2108 5398 2191 5452 dubio
2210 5398 2417 5458 contumeliosis
2434 5404 2518 5459 iuimi-

497 5468 504 5472 ·
570 5461 750 5515 dedecoribus
760 5461 1000 5515 vitaeaSuetouio
1008 5458 1181 5528 proferuntur
1192 5466 1285 5528 testes,
1295 5477 1343 5514 eos
1355 5461 1429 5515 haud
1439 5463 1535 5516 imme·
1559 5479 1652 5516 corum
1670 5464 1841 5516 sermonibus
1859 5465 1883 5517 si
1900 5481 1954 5517 non
1973 5468 2123 5535 confictam,
2141 5474 2216 5521 certe
2232 5467 2340 5523 aucuns
2358 5487 2420 5525 esse
2437 5472 2518 5538 magis

567 5528 618 5581 rito
638 5537 777 5598 suspectos
794 5530 878 5585 hebet
893 5529 1029 5583 Kreusius
1048 5529 1082 5581 de
1098 5528 1180 5581 Font.
1197 5530 1274 5585 Suet.
1293 5546 1320 5596 p.
1337 5531 1380 5585 38.
1559 5532 1682 5598 eredunt,
1700 5549 1777 5599 qnam
1795 5533 1981 5587 demonstrant
1997 5535 2167 5589 Drnmannus
2182 5536 2212 5591 in
2224 5538 2296 5593 laist.
2313 5541 2393 5593 Rem.
2411 5542 2519 5596 Votll'.

1558 5616 1586 5666 p.
1603 5600 1662 5653 296.
1682 5606 1710 5653 et
1725 5600 1852 5669 inprimis
1869 5602 2011 5657 Hoectiss
2034 5602 2063 5657 in
2087 5605 2160 5660 llist.
2177 5606 2211 5661 lt.
2231 5606 2265 5664 Ρ..
2282 5609 2304 5666 Ι.
2322 5625 2350 5679 p.
2367 5610 2430 5667 ιω.
2445 5610 2518 5665 lde.
