5717 6575
802 2614 1343 2724 PRAEFATIO
1399 2622 2053 2730 munorum.
2120 2714 2127 2733 .

1281 2905 1283 2909 ’
1290 2906 1543 2921 Μ

448 3152 713 3296 Οιιιιιιίιιιοιιι
735 3182 960 3260 Weichertus
987 3186 1114 3261 ahhinc
1137 3184 1300 3262 undecim
1333 3189 1435 3261 annis
1463 3187 1625 3263 Caesaris
1650 3188 1806 3297 Augusti
1838 3188 2056 3291 scriptorrmi
2089 3187 2256 3292 reliquias
2292 3192 2416 3271 eodem
2554 3217 2575 3285 j

446 3323 565 3423 modo,
593 3351 662 3428 quo
687 3323 921 3426 complurium
942 3333 1127 3428 poetarum
1151 3322 1361 3408 Latinorum
1385 3325 1552 3427 reliquias
1578 3327 1720 3429 collegit
1743 3332 1779 3400 et
1802 3312 2008 3424 illustravit,
2045 3325 2170 3404 lihcllis
2198 3313 2419 3410 scholasticis

447 3461 630 3564 quotannis
641 3459 833 3537 scribendis
848 3462 935 3536 alias
951 3460 1115 3564 deinceps
1127 3469 1210 3563 post
1221 3464 1307 3538 alios
1324 3460 1429 3537 edere
1449 3471 1484 3537 et
1510 3463 1698 3563 explicare,
1724 3487 1836 3564 eoque
1857 3463 2005 3538 consilio
2022 3452 2364 3542 Commentationem
2385 3468 2418 3548 l.
2494 3555 2496 3560 ,

446 3597 510 3695 (de
534 3597 695 3676 Caesaris
721 3599 877 3701 Augusti
895 3599 1093 3700 juventute,
1118 3599 1295 3700 magistris
1321 3625 1363 3675 ac
1386 3598 1530 3695 studiis)
1555 3625 1645 3672 anno
1670 3598 1996 3676 MDCCCXXXV.
2024 3607 2060 3673 et
2077 3587 2417 3681 Cormneutationem

447 3734 498 3811 Π.
527 3734 589 3833 (de
616 3735 779 3812 Caesaris
803 3737 958 3840 Augusti
983 3737 1299 3838 apophthegmatis,
1323 3736 1413 3838 J'ocis
1440 3746 1475 3811 et
1505 3736 1781 3838 strategematis)
1809 3760 1843 3811 a.
1868 3734 2215 3815 MDCCCXXXVI.
2245 3739 2289 3813 ad
2320 3741 2418 3816 iudi·

447 3871 558 3948 cenda
580 3871 727 3949 lllustris
751 3870 906 3949 Moldaui
929 3872 1111 3947 sollemnia
1135 3875 1310 3949 einiserat.
1360 3872 1433 3949 Sed
1459 3875 1566 3973 paulo
1592 3881 1674 3974 post
1700 3879 1822 3974 quum
1834 3898 1964 3947 munus
2000 3883 2303 3975 programmatum
2327 3878 2417 3953 scri·

447 4007 642 4084 hendor-um
668 4011 775 4084 etiarn
798 4009 944 4085 caeteris
969 4009 1108 4085 scholae
1133 4011 1230 4085 illius
1253 4004 1553 4111 praeceptoribus
1569 4008 1774 4111 impositum
1797 4018 1903 4108 esset,
1928 4018 2063 4085 mutato
2100 4012 2245 4087 oonsilio
2277 4013 2343 4087 has
2371 4014 2415 4092 C.

446 4146 602 4249 Augusti
626 4146 841 4247 reliquias,
831 4173 867 4219 m
884 4146 1016 4247 quibus
1042 4145 1243 4249 colligendis
1258 4156 1293 4224 et
1306 4146 1535 4247 explanandis
1561 4145 1657 4220 haud
1676 4172 1808 4267 paucos
1826 4119 1939 4222 annos
1962 4127 2156 4246 occupatus
2173 4148 2310 4244 luisset,
2283 4157 2416 4226 tcon-

438 4286 588 4383 junotim
605 4283 742 4358 duobus
756 4283 1003 4359 Voluminibus
1020 4283 1124 4358 edere
1140 4285 1302 4359 instituit.
1321 4285 1484 4385 Quorum
1493 4283 1720 4359 Voluminum
1736 4286 1837 4383 prius
1851 4312 1958 4386 quum
1965 4265 2414 4365 annoMDCCCXXXIX.

447 4422 570 4521 praelo
595 4418 719 4520 subjici
743 4394 906 4520 coeptum
932 4430 1038 4516 essct,
1065 4420 1214 4496 adversa
1240 4420 1386 4498 editoris
1412 4421 1609 4497 valetudine
1633 4430 1829 4498 extractum
1855 4428 1922 4516 est,
1949 4428 1985 4496 et
2002 4428 2191 4522 antequam
2216 4422 2416 4522 perlectum

450 4567 486 4631 et
512 4560 610 4656 typis
635 4564 820 4660 exaratum
843 4566 949 4652 essct,
973 4556 1041 4631 Vir
1066 4549 1297 4633 Doctissimus
1320 4562 1627 4659 repentinamorte
1652 4559 1706 4635 his
1732 4557 1859 4633 studiis
1883 4564 2025 4658 ereptus
2050 4566 2105 4633 est
2130 4558 2277 4659 aliisque
2296 4559 2415 4660 operis

450 4692 660 4794 pertexendi
688 4693 846 4770 officium
867 4695 1027 4796 reliquit.

603 4965 700 5040 Det
684 4966 789 5041 totius
815 4965 929 5065 operis
951 4962 1096 5038 consilio
1122 4990 1233 5064 quum
1257 4965 1333 5065 ipse
1352 4963 1581 5041 Weichertus
1606 4967 1747 5067 planius
1785 4989 1890 5067 quarn
1924 4964 1969 5039 ab
2001 4964 2078 5040 aliis
2106 4963 2278 5063 explicari
2301 4959 2417 5064 pos'sit

451 5102 660 5216 sententiam
680 5129 779 5176 suam
803 5103 840 5175 in
854 5099 1074 5175 Praelatione
1095 5100 1388 5177 Commentationi
1410 5100 1441 5177 l.
1467 5102 1664 5204 praemissa
1686 5101 1880 5204 aperuerit,
1903 5091 2034 5177 illam
2023 5127 2140 5202 ipsam
2152 5098 2416 5177 Praelationem

453 5239 510 5314 hio
534 5211 695 5339 repetere
718 5237 811 5315 haud
840 5237 902 5312 abs
928 5264 969 5313 re
994 5237 1178 5314 duximus.
1831 5259 1833 5263 ·

558 5494 561 5499 ’
607 5472 932 5614 „necessumst
959 5511 1075 5613 inquit
1096 5511 1169 5608 roe,
1195 5518 1231 5586 et
1244 5510 1408 5612 amplus,
1437 5495 1520 5612 quo',
1539 5489 1719 5616 'anaqam
1735 5510 1797 5584 oo
1823 5509 1909 5586 mm
1931 5479 2179 5586 sosoma
2202 5530 2243 5581 ac
2263 5506 2418 5586 munem

454 5633 646 5725 scholastici
671 5641 778 5747 ratio,
812 5648 858 5724 ad
892 5647 1101 5726 illustranda
1125 5648 1315 5725 Poetarum
1350 5674 1431 5724 cum
1460 5648 1634 5745 omnium,
1667 5674 1757 5751 quos
1782 5675 1908 5747 aurea,
1944 5671 2036 5750 quae
2061 5643 2217 5813 dicitur}
2224 5644 2419 5719 litterarum
