5717 6575
441 621 516 697 196
1145 606 1186 679 V.
1207 607 1267 676 DE
1288 607 1504 686 CAESARIS
1517 605 1724 679 auuusrl
1750 630 1758 691 g
1833 672 1860 691 Η
1891 653 1896 659 .

362 797 366 805 ’
439 821 475 897 οἱ
499 817 584 919 περὶ
608 816 766 894 Σύλλαν
798 815 993 917 ἱστοροῦσι
1023 838 1122 891 more
1153 815 1326 891 seriorum
1344 815 1571 917 scriptorum
1600 815 1717 917 ipsum
1751 813 1887 892 Sullam
1909 813 2094 892 denotante
2126 813 2201 894 rid.
2225 813 2431 910 Bernhardy

363 1037 372 1044 ῃ
439 938 592 1038 Syntex.
617 965 655 1039 p.
679 942 767 1015 263.
794 944 828 1029 et
851 935 942 1010 lleld
966 933 1368 1030 odPluuroh.,Ti1n01.
1390 962 1423 1012 ο.
1451 941 1511 1014 13.
1536 939 1571 1034 ἕ.
1594 941 1632 1013 3.
1655 962 1692 1036 p.
1716 938 1806 1023 386.
1855 933 1980 1036 Neque
2011 944 2129 1021 tamen
2151 933 2237 1011 inde
2259 937 2431 1036 sequntur,

336 1040 361 1079 ''
437 1068 478 1134 ut
502 1058 639 1135 Sullam
662 1083 729 1132 suo
754 1056 855 1156 operi
879 1081 1009 1131 nomen
1031 1056 1241 1157 titulumque
1267 1062 1615 1135 Commentariorum
1638 1073 1681 1130 eo
1704 1052 1903 1156 significatu
1926 1052 2053 1132 fecisse
2080 1056 2343 1151 existimemus,
2367 1081 2433 1158 qm

437 1178 523 1269 dicti
547 1176 680 1253 fuerint
701 1177 786 1255 Julii
812 1175 973 1252 Caesaris
997 1172 1265 1270 commentarii,
1290 1173 1337 1250 de
1359 1199 1509 1277 quorum
1533 1175 1674 1252 nomine
1693 1183 1730 1252 et
1752 1181 1880 1253 natura
1903 1173 2070 1274 perdocte
2087 1176 2234 1280 ¹scripsit
2252 1177 2433 1253 Druman-

439 1325 507 1376 nus
533 1299 626 1374 Hist.
643 1296 754 1376 Rom.
778 1295 860 1373 Vol.
885 1296 953 1372 Ill.
979 1323 1015 1395 p.
1042 1298 1119 1372 754
1139 1312 1191 1396 sq.
1220 1293 1267 1372 Ν.
1294 1301 1344 1381 20
1368 1302 1405 1369 et
1432 1298 1494 1374 26.
1553 1295 1715 1372 Tametsi
1737 1294 1811 1371 reri
1834 1295 1947 1385 simile
1971 1302 2048 1390 est,
2080 1294 2218 1372 Sullam
2242 1295 2432 1396 praecipue

438 1418 484 1494 de
510 1416 618 1495 rebus
642 1418 790 1494 inbelle
815 1440 987 1516 prospere
1010 1439 1032 1487 a
1056 1438 1097 1490 se
1121 1400 1239 1516 gestis
1253 1416 1390 1516 egisse;
1414 1421 1534 1490 tamen
1556 1416 1757 1515 oportuisse
1789 1440 1873 1490 eum
1894 1415 2000 1491 etiam
2025 1415 2206 1517 prolixum
2227 1423 2265 1492 et
2286 1439 2444 1519 aroma·

439 1549 516 1615 tum
540 1563 622 1614 esse
646 1538 685 1613 in
708 1534 931 1638 exponendis
954 1534 1049 1609 ritae
1071 1535 1236 1634 privatim
1262 1535 1467 1636 publiceque
1497 1542 1595 1610 actae
1615 1536 1781 1611 institutis
1812 1543 1849 1612 et
1876 1534 2071 1613 rationibus
2098 1543 2171 1612 tam
2200 1535 2237 1610 in
2266 1542 2434 1637 promptu

441 1668 495 1748 est
514 1657 644 1753 ridere,
674 1667 714 1732 ut
734 1682 815 1732 cum
843 1655 993 1731 Sullano
1020 1678 1134 1754 opere
1150 1653 1361 1730 'Caesariani
1379 1655 1624 1733 Commentaril
1650 1681 1697 1730 ne
1723 1654 1900 1757 potuerint
1931 1655 2072 1757 quidem
2103 1657 2142 1732 in
2175 1656 2445 1753 contentionem,

327 1863 330 1869 q
438 1779 572 1855 venire.
621 1775 694 1876 Qui
717 1777 830 1872 enim,
864 1782 904 1850 ut
928 1774 1108 1868 Scaurus,
1139 1775 1320 1869 Rutilius,
1346 1773 1450 1851 Sulla
1479 1772 1525 1853 dc
1548 1774 1630 1852 Vita
1651 1800 1720 1850 sua
1743 1773 1860 1875 deque
1878 1775 1989 1872 'pebm
2010 1777 2088 1852 ersis
2112 1778 2354 1877 scripserunt,
2382 1774 2432 1849 illi

366 1911 406 1992 9
436 1924 512 1974 non
532 1895 681 1973 drrbiirm
711 1903 768 1972 est
801 1894 886 1998 quin
918 1919 941 1968 a
975 1892 1151 1975 natalibus
1181 1894 1304 1969 exorsi
1331 1894 1447 1995 gentis
1479 1918 1565 1969 suae
1593 1895 1649 1970 vel
1667 1895 1907 1995 antiquitatem
1931 1897 1986 1971 rel
2004 1896 2226 1975 nobilitatem
2247 1894 2432 1996 diligenter

301 2070 322 2115 ε..
437 2016 614 2118 persecuti
654 2014 790 2093 fuerint
823 2039 959 2117 suaque
999 2014 1075 2088 fata
1114 2009 1241 2090 ordine
1285 2014 1535 2091 enarraverint.
1599 2012 1662 2090 Sic
1701 2013 1861 2090 Scaurus
1900 2014 1939 2088 in
1970 2017 2090 2113 primo
2123 2015 2213 2091 libro
2248 2017 2431 2109 retulerat,

434 2138 639 2239 quantulam
663 2157 686 2210 a
709 2143 815 2236 patre
837 2133 1088 2228 hereditatam,
1110 2141 1197 2234 quet
1221 2132 1417 2234 mancipia,
1441 2139 1612 2234 quantum
1638 2159 1785 2209 censum
1814 2134 2030 2232 accepisset,
2065 2141 2106 2210 ut
2137 2143 2288 2229 testatur
2311 2133 2431 2209 Valet.

311 2248 319 2257 ”
434 2256 583 2332 Maxim.
609 2252 711 2331 Libr.
736 2254 802 2330 IV.
837 2280 868 2329 c.
891 2261 939 2352 4,
971 2257 1032 2330 11.
1080 2251 1131 2329 lit
1155 2251 1277 2346 Sulla,
1309 2260 1458 2327 auctore·
1486 2252 1601 2330 Gellio
1626 2252 1672 2330 N.
1696 2252 1744 2330 A.
1769 2253 1921 2331 Lisci
1957 2279 1988 2329 c.
2014 2258 2074 2331 12.
2109 2264 2140 2345 §.
2169 2242 2255 2361 165,
2282 2253 2432 2327 inlibro

434 2373 594 2452 secundo
617 2363 836 2473 scripserat,
852 2375 896 2449 Ρ.
923 2372 1152 2467 Cornelium,
1184 2373 1241 2453 cui
1273 2371 1429 2471 primum
1464 2397 1659 2474 cognomen
1688 2371 1810 2449 Sullae
1844 2372 2052 2478 impositum
2079 2372 2204 2468 fuerit,
2236 2372 2432 2449 mammea

432 2495 572 2573 Dialem
597 2500 740 2594 captum
766 2518 859 2569 esse.
908 2490 1081 2571 Novimus
1101 2493 1353 2593 enim,.quam
1377 2489 1567 2594 diligentes
1604 2491 1756 2573 Romani
1786 2491 1917 2567 fuerint
1945 2493 1985 2569 in
2013 2492 2282 2591 perscrutandis
2317 2492 2430 2568 omnis

432 2612 647 2715 antiquitatis
677 2612 856 2714 reliquiis,
882 2637 930 2687 ex
954 2612 1080 2713 quibus
1105 2611 1240 2712 gloriae
1267 2632 1315 2689 ac
1347 2610 1546 2712 splendoris
1566 2611 1653 2713 quid
1687 2608 1734 2684 ad
1766 2637 1809 2687 sc
1838 2622 2010 2713 suosque'
2025 2616 2178 2712 maures
2204 2596 2431 2689 redundaret.

430 2733 473 2811 ln
498 2732 670 2810 tradenda
694 2740 810 2810 autem
838 2756 979 2826 rerum,
1005 2755 1095 2832 (μοι
1127 2731 1268 2830 publice
1289 2739 1492 2833 gesserant,
1528 2733 1803 2835 meritorumque
1832 2733 1871 2806 in
1899 2731 2081 2807 civitatem
2112 2732 2283 2808 memoria
2317 2731 2431 2809 facilis

430 2861 484 2930 est
514 2851 732 2955 conjectura,
771 2859 939 2953 quantam
964 2851 1171 2951 praesertim
1202 2849 1301 2950 apud
1327 2851 1509 2926 Romanos
1544 2853 1615 2926 rim
1641 2852 1771 2926 babere
1802 2848 1962 2926 debuerit
1992 2852 2149 2947 vanitas,
2176 2854 2324 2928 ambitio
2348 2855 2429 2956 glo·

308 3036 312 3043 .
429 2973 506 3048 riae
529 2969 712 3072 laudisque
737 2971 933 3071 cupiditas,
960 2995 1050 3070 quae
1073 2972 1259 3070 optimum·
1277 2992 1453 3071 quemque
1488 2972 1670 3071 impellere
1701 2971 1805 3044 solita
1828 2970 1957 3066 fuerit,
1975 3040 1979 3048 r
1995 2979 2037 3046 ut
2060 2973 2215 3073 gloriosa
2238 2969 2427 3067 scribendo

430 3099 577 3194 augeret
605 3097 639 3165 ct
673 3089 858 3191 magnilica
897 3099 1057 3194 ornaret,
1096 3097 1228 3166 umere
1262 3098 1299 3165 et
1328 3092 1529 3178 inconsulto
1564 3089 1717 3188 peractis
1750 3089 1885 3165 consilii
1917 3097 1952 3163 et
1976 3090 2182 3190 prudentiae
2207 3093 2364 3193 speciem
2385 3117 2426 3166 sc

381 3257 383 3262 ·
429 3214 526 3285 velut
542 3211 704 3284 ⁴colorem
730 3207 829 3284 daret
857 3207 1015 3310 adeoque
1045 3211 1181 3310 brrpia,
1207 3221 1381 3309 quantum
1418 3216 1562 3310 posset,
1599 3211 1748 3284 honesta
1782 3207 1933 3310 quadam
1963 3212 2245 3312 praescriptione
2280 3219 2427 3316 tegeret.

427 3331 483 3406 Ac
513 3355 582 3430 quo
613 3326 756 3437 undem
789 3330 858 3404 alio
891 3329 1008 3404 animo
1038 3328 1192 3405 dicemm
1208 3355 1263 3410 ,sc
1297 3327 1345 3402 ad
1381 3329 1604 3405 scribendum
1633 3329 1681 3403 de
1716 3328 1823 3405 rebus
1859 3328 1936 3405 suis
1966 3332 2115 3406 vertisse
2146 3331 2251 3407 senili
2284 3331 2424 3407 demum

427 3456 540 3526 aetate
565 3447 703 3526 Sullam
727 3444 953 3545 Dictatorem,
979 3475 1085 3552 quam
1114 3456 1176 3544 ut,
1209 3456 1400 3550 postquem
1431 3475 1497 3549 per
1527 3474 1632 3524 omne
1671 3449 1764 3522 ritae
1802 3456 1942 3550 tempus
1982 3450 2236 3551 pestiferorum
2266 3453 2427 3528 vitiorum

429 3569 613 3665 luxuriae,
639 3569 807 3645 avariora
830 3576 865 3643 ct
889 3554 1122 3664 crudelitatis,
1147 3575 1189 3643 ut
1215 3569 1341 3647 Cicero
1367 3566 1412 3641 de
1436 3568 1513 3643 Fin.
1540 3566 1644 3643 Libr.
1670 3567 1738 3644 111.
1768 3594 1799 3644 e.
1823 3573 1885 3644 22.
1919 3571 1953 3667 §.
1980 3573 2042 3647 75.
2066 3572 2134 3666 ait,
2155 3571 2329 3671 magister
2349 3571 2448 3662 fue,

427 3694 501 3784 rat,
530 3687 611 3788 ipse
644 3689 771 3766 litteris
802 3686 983 3764 mandaret
1017 3711 1059 3762 ac
1094 3687 1316 3787 posteritatis
1343 3689 1533 3762 memoriae
1563 3685 1747 3788 proderet,
1782 3689 1898 3787 qualis
1927 3676 2025 3763 domi
2057 3691 2270 3791 militiaeque
2294 3691 2336 3767 in
2356 3692 2424 3767 rita

428 3808 594 3909 rictuque
622 3797 768 3906 luisset,
806 3816 912 3911 atquc
939 3815 978 3886 ut
1006 3827 1126 3884 rerum
1157 3804 1331 3909 flagitiose
1363 3814 1398 3881 et
1433 3806 1586 3882 saeviter
1614 3813 1772 3881 actarum
1794 3808 2005 3883 immanitati
2027 3805 2235 3885 velamenta
2253 3810 2423 3913 quaedam

427 3935 630 4030 qrmcreret,
662 3930 881 4029 improspera
911 3936 947 4002 et
977 3926 1191 4026 reipublicae
1220 3925 1390 4001 mmnosa
1422 3928 1555 4001 levaret
1583 3935 1644 4000 aut
1672 3929 1884 4025 occultaret,
1927 3929 1995 4003 alia
2029 3935 2193 4032 negaret,
2235 3939 2425 4008 excusaret

428 4050 517 4143 elia,
550 4046 702 4152 denique
726 4051 793 4124 alia
818 4054 939 4124 contra
967 4046 1188 4124 adversarios
1212 4043 1427 4123 defenderet.
1444 4047 1480 4141 ²)
1536 4044 1661 4141 Adde,
1696 4045 1790 4147 quod
1816 4073 1883 4131 sua
1906 4048 2019 4149 ipsius
2046 4050 2272 4126 confessione
2293 4050 2331 4125 id
2358 4078 2423 4152 po-

378 4183 383 4189 ’
430 4168 606 4244 tissimum
640 4169 678 4242 in
713 4165 901 4243 scribendo
936 4166 1124 4266 spectavit,
1163 4173 1204 4240 ut
1226 4164 1389 4239 omnibus
1414 4165 1573 4240 omnium
1603 4165 1916 4262 fortunatissimus,
1943 4175 1983 4244 ut
2005 4165 2143 4244 felicior
2168 4176 2275 4271 quom
2300 4171 2423 4248 fortior

428 4284 541 4360 fuisse
566 4284 748 4361 rideretur
771 4293 806 4359 et
832 4293 961 4363 Felicis
987 4285 1193 4387 cognomine
1219 4282 1451 4384 dignissimus
1475 4292 1512 4359 et
1538 4284 1728 4360 haberetur
1760 4296 1794 4362 et
1818 4287 2002 4364 diceretur.
2060 4289 2222 4367 blnxime
2243 4290 2315 4367 buc
2339 4309 2423 4393 par·

428 4405 564 4501 tinent,
589 4429 679 4507 quae
703 4405 913 4481 Plutarchus
943 4432 973 4481 c.
999 4409 1038 4483 6.
1060 4400 1156 4478 med.
1185 4401 1345 4502 scripsit:
1385 4399 1539 4486 Σύλλας
1563 4400 1599 4479 d’
1625 4400 1672 4479 ού
1703 4401 1826 4502 μόνον
1849 4404 1969 4502 ἡδέως
1992 4406 2230 4506 ποοςιέμενος
2253 4408 2325 4487 τὸν
2347 4437 2423 4487 τοι·

430 4530 547 4601 orirer
572 4521 870 4622 εὐδαιμονισμὸν
895 4522 961 4599 καὶ
985 4521 1099 4619 ζῆλον
1123 4516 1219 4596 ἀλλὰ
1244 4518 1310 4595 καὶ
1335 4518 1537 4606 συναύξων
1562 4519 1628 4596 καὶ
1653 4522 1954 4615 συνεπιθειάζων
1989 4522 2037 4600 soi
2074 4525 2336 4627 πραττόμενοι.
2358 4529 2421 4627 τ’ῆς

430 4639 547 4739 τύχης
573 4644 749 4738 ἐξῆπτεν,
774 4644 846 4717 εἴτε
872 4640 1008 4741 κόμπῳ
1027 4637 1225 4741 χρώμενος
1251 4638 1329 4714 εἴθ’
1359 4638 1480 4724 οὕτως
1505 4640 1604 4736 ἔχων
1628 4647 1674 4737 τῇ
1701 4639 1792 4740 δόξῃ
1833 4641 1926 4741 πρὸς
1959 4643 2003 4720 τὸ
2035 4646 2161 4723 θεῖον·
2189 4646 2256 4722 καὶ
2280 4647 2357 4753 yrip
2381 4652 2420 4728 s

329 4767 333 4774 '
430 4766 509 4845 τοῖς
533 4758 781 4858 ι’πομνήμᾳσι
805 4758 1095 4864 pessumdat
1119 4767 1199 4836 τῶν
1221 4765 1345 4843 καλῶς
1363 4757 1476 4857 ἀὐτῷ
1501 4760 1783 4857 βεβουλεῦσθαι
1808 4759 2030 4839 δοκούντων
2055 4765 2096 4838 αἱ
2118 4762 2173 4863 μὴ
2196 4764 2297 4841 κατὰ
2321 4767 2421 4871 γνιύ-Ι

429 4904 528 4977 μην,
556 4876 766 4978 ἀλλὰπρὸς
792 4878 926 4980 καιρὸν
958 4874 1272 4978 ἀποτολμώμεναι
1295 4875 1446 4975 πράξεις
1471 4877 1627 4954 ἔπιπτον
1655 4884 1706 4963 εἶς
1730 4879 1897 4976 ἄμεινον.
1938 4883 1991 4956 ἔτι
2011 4879 2146 4983 δὲκαὶ
2167 4882 2215 4960 ‹b’
2245 4877 2305 4962 ὧν
2330 4911 2420 4989 φησι

430 4997 524 5097 πρὸς
551 4995 623 5093 τὴν
650 4995 770 5093 τύχην
798 4992 841 5073 εὖ
872 4998 1080 5097 πεφυκέναι
1110 5003 1276 5096 μᾶλλον,
1313 4993 1339 5092 ἢ
1369 4993 1463 5096 πρὸς
1492 4992 1678 5094 πόλεμον,
1722 5004 1769 5094 τῇ
1799 4997 1896 5095 τύχῃ
1932 5007 1998 5096 τῆς
2030 4999 2165 5101 ἀρετῆς
2191 5004 2307 5083 πλέον
2327 5008 2420 5085 ioan

428 5117 567 5214 νέμειν.
618 5118 724 5219 Quae
749 5144 827 5193 cum
853 5119 902 5193 ita
933 5118 1006 5193 siut
1034 5124 1169 5196 tautum
1196 5116 1319 5194 abesse
1352 5115 1528 5211 arbitror,
1562 5125 1601 5191 ut
1634 5119 1692 5193 ille
1728 5121 1890 5219 quamvis
1922 5122 1976 5195 vir
2002 5123 2124 5224 magni
2153 5124 2285 5225 altique
2315 5128 2420 5204 aninu⁰

428 5315 434 5324 ι

425 5327 552 5341 ..o-ou...-
560 5334 592 5341 ..-
597 5333 760 5343 ...noes—nnn·-
766 5332 827 5341 ἰο-ια
849 5335 863 5342 -

377 5455 382 5462 -
441 5420 524 5488 ..2)
542 5423 673 5480 Carteres
692 5440 761 5494 quae
778 5424 886 5498 scripsit
903 5424 939 5478 0·
962 5424 992 5478 S.
1004 5425 1152 5481 Zachariae
1169 5424 1198 5477 iu
1214 5425 1276 5480 libr.
1287 5427 1318 5479 b.
1327 5427 1401 5479 ίόκ-
1449 5428 1501 5486 der
1517 5426 1729 5495 Ausarbettunp
1746 5428 1844 5479 ιιίιια·
1860 5428 2085 5496 Deukscbriftm
2101 5432 2175 5484 ιιοολι
2192 5434 2246 5486 deu
2263 5435 2417 5492 bucam

424 5505 514 5557 nelias
530 5508 626 5571 Sulla,
642 5514 770 5575 aecana!
789 5513 840 5563 der
856 5510 1198 5581 Glst'clrltctre.(l1cidetb.
1217 5510 1397 5579 1884.)Ῑι.7.
1448 5514 1553 5564 Ζωιολι
1572 5514 1679 5578 retabi
1698 5527 1738 5564 zu
1762 5514 1852 5565 sacen
1869 5516 1997 5577 arietat,
2027 5518 2090 5569 sict
2110 5531 2200 5585 peren
2222 5521 2302 5575 setae
2319 5526 2418 5578 radia

421 5590 466 5657 qui
484 5590 587 5644 Sullani
605 5593 694 5660 operis
705 5595 833 5661 jacturam
848 5596 961 5670 iniqua
979 5597 1070 5655 ferens
1087 5596 1175 5664 addit:
1201 5596 1240 5650 aa
1256 5597 1338 5651 Statu
1354 5597 1399 5648 ees
1449 5599 1509 5651 aad
1523 5598 1631 5652 Fetode
1646 5612 1686 5651 zu
1703 5599 1896 5666 υικλλιτλσλμωι
1912 5616 1938 5654 ιι.
1957 5616 1979 5652 ι.
1996 5615 2031 5683 ιι.
2048 5600 2084 5656 cl.
2101 5601 2321 5673 mutuabitur.
2339 5609 2415 5677 ⁰2⁸⁵·
