5717 6575
970 582 973 587 ’
1093 586 1573 675 sums-ncurssus.
1960 566 2004 608 ⁹
2068 552 2106 633 1
2259 620 2336 699 coa

337 797 474 875 censuit
482 794 644 896 adeoque
651 795 952 892 necessarium,ut
960 795 1067 896 hujus
1080 774 1250 871 interulae
1260 801 1391 891 notam,
1410 773 1481 894 qua
1493 795 1615 894 procul
1627 791 1735 874 dubio
1751 818 1897 894 saepes
1915 797 2052 901 collega
2066 797 2260 901 adspersus
2273 804 2335 882 iu·

335 924 424 1014 erat,
440 920 478 993 in
500 943 565 993 suo
588 915 633 990 dc
648 914 731 990 Vita
746 916 869 1017 Opere
886 926 1022 1021 curaret
1044 941 1154 1017 seque
1170 914 1219 1009 ab
1238 915 1305 989 hac
1329 917 1465 989 macula
1490 921 1659 1017 quantum
1674 923 1797 1015 posset
1813 923 1994 1016 purgaret.
2044 920 2206 1000 Prudens
2213 936 2333 1002 autem

334 1040 491 1141 elegerat
525 1035 723 1112 istiusmodi
769 1039 971 1138 exemplum
978 1091 991 1133 ‚
1039 1037 1077 1110 in
1111 1063 1181 1137 quo
1211 1032 1263 1109 M.
1296 1033 1471 1135 Antonius
1505 1034 1677 1110 mendacii
1715 1035 1921 1111 manilestus
1967 1046 2060 1134 erat,
2111 1068 2191 1118 cum
2222 1047 2335 1146 priori

308 1169 478 1261 pugnae
504 1170 577 1232 non
599 1155 822 1233 interfuisset
846 1166 881 1232 et
904 1157 1134 1258 exsequenti
1158 1155 1460 1255 simulpublicarc
1480 1163 1598 1256 posset
1622 1157 1756 1230 illustre
1781 1181 1869 1232 suae
1893 1156 2111 1235 fortitudinis
2133 1188 2175 1238 ac
2198 1167 2353 1244 virtutis.

334 1275 597 1373 documentum,
620 1302 690 1377 quo
717 1278 868 1377 optimos
894 1302 1053 1379 quosque
1074 1274 1181 1352 duces
1207 1284 1383 1378 aequaret.
1434 1275 1514 1353 Jam
1536 1276 1620 1349 mibi
1639 1301 1850 1376 persuasum
1872 1285 1940 1371 est,
1968 1276 2193 1380 Suetonium,
2217 1287 2334 1363 incor-

333 1403 479 1499 mptum
502 1398 602 1472 illum
616 1403 662 1472 et
683 1397 800 1473 studio
823 1399 947 1499 iraque
973 1423 1122 1472 vacuum
1146 1399 1298 1499 Augusti
1325 1395 1512 1491 arbitrum,
1545 1396 1631 1472 boec
1662 1398 1856 1497 sumpsisse
1881 1422 1930 1470 ex
1953 1396 2115 1498 ejusdem
2139 1401 2261 1481 Libris
2287 1408 2333 1484 de
2458 1416 2463 1429 '

291 1522 294 1529 '
334 1517 423 1593 Vite
451 1543 539 1612 sua,
573 1544 661 1619 quos
687 1518 732 1593 ab
764 1519 842 1619 ipso
866 1520 923 1608 sui
949 1516 1159 1592 defendendi
1193 1517 1307 1621 gratia
1338 1515 1526 1615 praecipue
1558 1519 1708 1617 scriptos
1733 1543 1814 1593 esse
1840 1518 2056 1597 monuimus.
2106 1521 2163 1597 De
2185 1525 2334 1628 singulis

332 1662 408 1713 uon
432 1638 556 1734 babeo,
582 1634 681 1740 quod
703 1641 942 1738 Interpretum
966 1637 1235 1714 Commentariis
1258 1633 1433 1737 adjiciam.
1506 1740 1509 1745 ι

488 1809 589 1884 Unice
616 1809 772 1884 restabat
792 1810 976 1911 Augusto,
1009 1808 1132 1907 juveni
1153 1805 1380 1899 multifariam
1403 1808 1500 1881 laeso
1524 1812 1561 1881 et
1580 1801 1739 1901 irritato,
1773 1806 2008 1919 Consulatus,
2042 1836 2148 1910 quem
2178 1800 2354 1919 plerique¹

333 1927 526 2028 scriptores
550 1928 720 2006 violenter
754 1955 836 2003 eum
870 1927 1039 2029 adeptum
1070 1953 1148 2003 esse
1179 1928 1370 2003 memoriae
1393 1924 1549 2023 tradunt,
1575 1934 1614 2002 ut
1638 1925 1829 2002 Suetonius
1863 1954 1893 2006 c.
1918 1932 1981 2005 26.
2022 1939 2057 2002 et
2088 1931 2236 2009 Tacitus
2262 1937 2333 2015 An.

331 2042 436 2122 Libr.
461 2045 491 2122 l.
518 2073 549 2122 c.
575 2052 635 2123 10.
652 2047 744 2147 ibiq.
771 2048 863 2148 Intp.
914 2046 995 2124 Jam
1019 2053 1059 2121 ut
1082 2046 1127 2121 de
1151 2048 1334 2122 violentiae
1357 2046 1513 2141 crimine,
1527 2084 1530 2091 ·
1546 2046 1641 2147 quod
1665 2048 1704 2120 in
1727 2047 1878 2145 petendo
1905 2047 2099 2123 Consulatu
2124 2052 2333 2152 incurrerat,

333 2190 377 2245 se
400 2176 608 2263 excusaret,
644 2165 780 2241 videtur
806 2167 893 2241 libro
922 2166 1089 2267 quopiam
1122 2165 1168 2241 de
1189 2165 1270 2242 Vita
1301 2191 1366 2242 sua
1398 2166 1609 2266 exposuisse
1642 2192 1787 2267 remque
1817 2166 2018 2268 publicasse
2051 2178 2153 2245 antea
2176 2173 2334 2276 ignotum

332 2286 509 2401 omnibns.
560 2287 661 2361 Hanc
686 2312 774 2387 prae
801 2288 948 2362 cacteris
974 2286 1206 2387 scriptoribus
1233 2288 1383 2362 servarit
1406 2285 1511 2361 nobis
2316 2342 2319 2348 -

371 2524 377 2535 ι
412 2572 415 2577 Ι
486 2473 553 2550 [Π.
580 2473 766 2574 Appianas
789 2473 831 2547 B.
855 2473 895 2549 C.
922 2470 1106 2552 Libn'lll.
1134 2477 1258 2552 ess:
1283 2471 1360 2549 Καὶ
1384 2470 1456 2570 τὴν
1478 2470 1629 2549 ὕπατον
1647 2469 1772 2570 ἀρχὴν
1789 2473 1824 2556 ἒς
1850 2471 1894 2549 τό
1920 2473 2051 2552 λοιπόν
2076 2485 2145 2553 τοῦ
2172 2477 2278 2566 έτους
2300 2485 2352 2559 οἱ“
2426 2523 2428 2528 ·

331 2588 583 2689 Πομπηίανοὶ
612 2589 800 2691 μετῄεσαν
833 2590 921 2667 άντί
951 2589 1087 2693 Ἱρτίου
1121 2619 1161 2667 τε
1194 2591 1260 2667 καὶ
1292 2590 1449 2669 Πάνσα·
1483 2587 1610 2691 μετῄει
1643 2588 1685 2665 δέ
1715 2590 1781 2666 καί
1811 2589 1831 2667 ὃ
1866 2578 2035 2692 Κόιῖσαρ,
2082 2595 2153 2672 οὐκ
2191 2601 2227 2684 ἐς
2266 2601 2357 2697 τὴν

332 2708 481 2810 βουλὴν
506 2711 562 2785 ἔτι
582 2712 753 2806 πέμπων,
781 2709 853 2784 ἀλλ’
888 2712 923 2794 ές
946 2708 1014 2785 τὸν
1037 2710 1235 2811 Κικέρωνα
1257 2709 1350 2811 teliu·
1375 2709 1442 2786 καὶ
1465 2708 1586 2786 αὐτὸν
1611 2706 1812 2809 παρεκάλει
1836 2710 1901 2785 καί
1926 2709 2123 2813 συνάρξαι,
2151 2715 2203 2802 ὥς
2226 2720 2338 2796 Κιχέ.
2434 2784 2437 2789 .

331 2855 441 2929 ρωνα
470 2825 545 2929 μέν
577 2826 808 2928 τὴν·άρχην
843 2825 1085 2926 διοικήσοντα
1091 2882 1105 2917 ,
1141 2825 1401 2931 πρεσβύτερόν
1423 2858 1466 2906 τε
1497 2827 1563 2905 καί
1594 2826 1859 2929 ἐμπειρότερον
1884 2831 1977 2906 ὄντα
1983 2882 1998 2917 ,
2044 2832 2159 2918 αὐτὸς
2193 2833 2235 2912 δὲ
2267 2838 2339 2934 τὴκ

332 2945 558 3047 ἐπωνυμίαν
573 2945 868 3048 καρπωσόμενος
893 2945 1030 3047 μόνην,
1058 2949 1094 3033 ἐς
1120 2945 1309 3025 ἀπόθεσιν
1322 2954 1402 3024 τῶν
1419 2947 1549 3024 ὅπλων
1565 2947 1743 3048 εὐπρεπῆ,
1771 2940 1817 3023 οὗ
1838 2947 1886 3044 δὴ
1905 2946 1971 3024 καὶ
1992 2947 2126 3049 προίην
2144 2953 2253 3031 ἕνεκα
2268 2955 2361 3035 τὸν.

331 3054 536 3167 θρίαμβον
551 3070 715 3164 αἰτῆσαι.
747 3069 921 3166 Κικέρων
945 3065 1018 3166 μὲν
1042 3065 1089 3164 δὴ
1114 3065 1264 3152 τούτοις
1290 3065 1469 3166 ἐπαρθεὶς
1495 3065 1561 3143 διὰ
1588 3065 1806 3165 φιλαρχίαν,
1833 3069 1970 3170 ἔλεγεν,
1997 3070 2338 3162 αλσθέσθαισπον-

332 3182 418 3263 δῶν
440 3187 482 3263 ἐν
506 3192 587 3270 τοῖς
611 3186 680 3272 ἔξω
707 3191 930 3291 στρατηγοῖς
953 3183 1262 3284 ὑπονοουμένων·
1289 3184 1356 3260 καὶ
1370 3182 1634 3284 συνεβούλευε,
1661 3188 1897 3285 θεραπεῦσαι
1921 3185 1990 3263 τὸν
2006 3187 2134 3289 ἄνδρα
2155 3188 2338 3293 ὑβρισμέ-
2462 3233 2465 3248 ·

325 3331 406 3381 -νον
430 3305 496 3381 καί
522 3312 687 3406 στρατοῦ
715 3307 768 3380 ἔτι
791 3306 961 3406 ἄρχοντα
986 3313 1138 3393 πολλοῦ,
1166 3304 1403 3401 ἀνασχέσθαι
1417 3333 1457 3380 τε
1477 3304 1562 3405 παρ’
1581 3303 1733 3399 ἡλικίαν
1749 3306 1933 3403 ἄρχοντος
1951 3308 1993 3382 έν
2008 3314 2054 3403 τῇ
2072 3306 2176 3385 πόλει
2192 3318 2344 3410 μᾶλλον
2424 3305 2433 3318 ’

331 3420 360 3519 ἢ
383 3422 586 3522 μηνίοντος
612 3426 654 3500 έν
680 3422 817 3508 ὅπλοις·
845 3423 897 3508 ὡς
923 3422 1016 3500 (λ’άν
1039 3453 1076 3498 τι
1099 3421 1153 3523 μὴ
1180 3420 1330 3524 πράξειε
1355 3420 1460 3523 παρά
1483 3421 1528 3498 τὸ
1554 3430 1600 3520 τῇ
1625 3421 1748 3521 βουλῇ
1773 3423 1987 3522 συμφέρον,
2015 3425 2195 3515 ἐκέλευεν,
2232 3430 2338 3533 αὐτῷ

333 3543 562 3620 συνελέσθαι
585 3549 666 3618 τῶν
683 3570 771 3619 τινα
795 3541 1065 3644 πρεσβυτέρων
1090 3543 1277 3644 ἔμφρονα,
1303 3549 1370 3638 τῆς
1395 3538 1541 3616 ἐκείνου
1559 3537 1734 3637 νεότητος
1753 3543 1915 3645 ἐγκρατῆ
1934 3541 2196 3648 παιδαγωγόν.
2227 3546 2338 3627 Ἀλλὰ

333 3661 533 3764 Κικέρωνα
546 3659 619 3762 μὲν
634 3660 710 3757 ἥτε
717 3659 840 3759 βουλὴ
857 3669 923 3757 τῆς
933 3659 1135 3763 φιλαρχίας
1154 3661 1303 3765 ἐγέλασε
1314 3659 1380 3736 καὶ
1394 3660 1430 3736 οἱ
1438 3663 1630 3764 συγγενεῖς
1643 3656 1809 3760 μάλιστα
1823 3667 1904 3738 τῶν
1923 3662 2104 3766 σφαγέων
2119 3665 2336 3764 ἐνέστησαν,

333 3765 514 3870 δεδιότες,
530 3779 584 3881 μὴ
602 3778 743 3865 αὐτοὺς
760 3778 940 3883 ὃΚαῖσαρ
958 3778 1104 3857 τίσαιτο
1121 3778 1338 3858 ὑπατεύων.
1369 3781 1638 3857 blemorabilem
1658 3781 1748 3854 banc
1760 3806 1849 3875 rem,
1876 3806 1982 3882 quam
1989 3782 2176 3883 Appianas
2194 3791 2338 3888 copiose

332 3909 370 3979 ct
394 3901 554 3979 dissuere
580 3908 739 3997 enarrat,
766 3928 845 3976 curn
873 3902 949 3975 aliis
970 3900 1049 4002 ipse
1073 3902 1303 3976 Drumannus
1326 3899 1422 3976 ssiat.
1445 3901 1552 3977 Rom.
1577 3899 1655 3975 Vol.
1679 3898 1708 3975 l.
1733 3927 1770 3999 p.
1794 3903 1870 3976 329
1891 3927 1968 4001 sqq.
1999 3901 2038 3975 in
2062 3902 2208 3980 dubium
2235 3917 2337 3984 vocat

333 4025 483 4123 ejusque
514 4018 599 4097 fidei
629 4022 901 4096 controversiam
935 4026 1063 4095 movet,
1114 4017 1189 4095 Sed
1222 4027 1359 4094 tantum
1389 4020 1508 4113 abest,
1550 4043 1628 4092 eam
1661 4026 1703 4092 ut
1737 4018 1864 4091 salsam
1900 4026 1950 4092 et.
1966 4019 2011 4091 ab
2045 4022 2187 4098 alterius
2217 4027 2335 4103 utrius

332 4142 447 4244 partis
471 4139 684 4218 adversariis
713 4139 895 4217 confictam
921 4164 1000 4214 esse
1019 4136 1182 4233 arbitrer,
1208 4146 1249 4213 ut
1266 4139 1362 4214 senis
1380 4140 1477 4212 illius
1493 4136 1680 4211 ambitione
1694 4143 1730 4212 et
1746 4136 1901 4211 vanitate
1919 4137 2055 4237 pariter
2070 4143 2334 4243 atque-honoris

333 4257 527 4362 cupiditate
552 4269 588 4336 et
608 4262 749 4361 juvenis
775 4260 937 4362 quamvis
962 4257 1048 4334 laesi
1070 4256 1258 4358 prudentia
1283 4258 1636 4363 dignissimam-esse
1660 4257 1871 4333 existimem.
1920 4257 2082 4333 Primum
2106 4259 2202 4336 baud
2227 4264 2335 4343 dubie

333 4379 515 4481 publicata
541 4386 594 4455 est
617 4380 663 4455 ab
687 4382 767 4482 ipso
791 4379 955 4480 Augusto
980 4378 1020 4453 in
1046 4378 1132 4473 illis,
1156 4404 1246 4479 quos
1271 4377 1315 4453 de
1328 4378 1412 4452 Vita
1434 4401 1500 4453 sua
1525 4374 1650 4473 edidit,
1673 4375 1806 4473 Libris,
1839 4401 1887 4451 ex
1913 4376 2145 4477 quibusnam
2172 4383 2333 4461 eamdem

332 4497 475 4576 brevius
491 4500 695 4575 'hanscrunt
720 4500 931 4575 Plutarchus
953 4496 1027 4587 Vis
1053 4496 1215 4608 Ciceron.
1243 4522 1274 4572 c.
1298 4502 1362 4576 46.
1384 4504 1421 4571 et
1444 4496 1514 4571 Dio
1541 4493 1643 4573 Cass.
1669 4494 1769 4570 Lihr.
1795 4494 1931 4573 XLVI.
1956 4522 1987 4572 c.
2004 4501 2067 4575 42.
2094 4498 2152 4577 cf.
2176 4500 2332 4605 Vellejus
2364 4599 2381 4613 N
2430 4498 2440 4562 ’-

333 4617 413 4700 rat.
436 4619 537 4697 Libr.
563 4619 612 4695 ΙΙ.
636 4645 667 4695 c.
694 4622 758 4697 62.

487 4737 628 4837 Quodsi
653 4739 842 4840 Augustus
868 4761 1046 4811 summum
1076 4734 1176 4809 illum
1206 4732 1474 4836 magistratum,
1510 4729 1751 4827 Consulatum,
1778 4732 1837 4833 qui
1863 4730 1931 4807 sbi
1954 4733 2100 4809 ultionis
2124 4761 2166 4811 ec
2189 4738 2329 4839 pietatis

333 4881 458 4934 caussa
489 4857 585 4932 utilis
624 4883 759 4959 perque
797 4857 1023 4932 necessarius
1061 4861 1175 4949 esset,
1214 4854 1397 4929 confestim
1432 4877 1500 4952 per
1537 4853 1610 4927 vim
1642 4851 1842 4953 petivisset,
1888 4852 2009 4953 utique
2048 4852 2202 4953 luisset,
2233 4861 2327 4959 quorl

331 4975 663 5079 reprehenderetur3
690 4977 753 5053 sed
773 4975 1025 5051 modestiorem
1041 4973 1138 5048 viam
1164 4999 1272 5075 mum
1288 4974 1472 5077 ingressus
1494 4979 1601 5068 esset,
1629 4971 1802 5068 Ciceroni,
1829 4977 1978 5073 patrorm
1996 4998 2076 5070 suc,
2101 4972 2327 5055 honorificam

332 5106 371 5171 et
398 5095 545 5174 Senatui
567 5095 803 5193 tolerabilem,
826 5122 900 5171 non
926 5095 1072 5170 deerant
1097 5095 1145 5189 ei,
1171 5092 1299 5195 quibus
1325 5119 1366 5168 se
1390 5104 1586 5168 excmmet.
1639 5090 1815 5167 Credibile
1828 5091 1947 5194 *igitur
1973 5101 2040 5191 est,
2070 5119 2153 5169 curn
2174 5095 2325 5175 invidiae

331 5214 420 5292 lacti
463 5217 672 5292 minuendae
715 5217 827 5318 gratia
870 5215 932 5289 illo
968 5216 1007 5289 in
1047 5238 1154 5315 opere
1194 5212 1400 5313 aequalibus
1448 5208 1636 5287 ostendere
1684 5209 1884 5308 studuisse,
1936 5237 1977 5287 sc
2019 5237 2093 5287 non
2142 5220 2323 5316 extemplo

332 5333 563 5413 Consulatum
602 5339 636 5411 vi
677 5335 869 5438 petivisse,
920 5333 985 5409 scd
1023 5329 1069 5409 ab
1098 5331 1196 5407 initio
1238 5332 1325 5407 nibil
1354 5333 1561 5408 intentatum
1589 5329 1789 5433 reliquisse,
1839 5357 1908 5432 quo
1944 5331 2049 5406 simul
2077 5331 2115 5406 in
2147 5321 2322 5413 Senatum
2435 5435 2439 5442 ἢ

329 5458 537 5533 modestiam
587 5464 622 5532 et
671 5481 757 5561 erga
792 5457 996 5533 Ciceronem
1042 5478 1145 5529 suam
1189 5451 1316 5549 fidem,
1367 5454 1532 5554 pietatem
1579 5452 1742 5554 gratique
1794 5450 1902 5525 ammi
1934 5475 2038 5526 sensa
2072 5451 2320 5533 manifestaret.

329 5573 440 5685 Inde·
468 5575 577 5655 cuivis
627 5579 772 5677 planum
819 5582 915 5673 erat,
972 5598 1054 5650 amu
1103 5574 1204 5651 vario
1254 5571 1482 5675 mutabilique
1524 5569 1676 5650 senem
1718 5568 1853 5673 judicio
1900 5576 1963 5749 037
1978 5567 2113 5673 ipsius·
2140 5568 2320 5652 Ciceronis
