5717 6575
491 612 579 694 lat
1145 622 1150 631 '
1185 614 1248 693 111.
1287 614 1349 690 llil
1370 612 1804 692 commestionem
1934 669 1938 673 -

492 828 536 883 so
560 812 821 917 prosternentes
848 813 884 885 et
905 807 1129 887 acerbisairna
1161 836 1323 914 quaeque
1346 810 1543 888 metuentes
1575 811 1744 887 babuisse
1776 809 1911 906 lertur,
1946 815 2091 886 auclore
2125 802 2314 884 Plutarcho
2340 802 2378 882 in
2410 800 2490 887 vn.

492 923 641 1001 Antonii
664 953 697 1003 c.
719 932 783 1005 81.
808 936 845 1005 ολ
869 929 909 1004 in
932 930 1197 1034 Apopbtbcgm.
1222 932 1303 1009 Vol.
1328 931 1393 1009 vl.
1423 956 1462 1032 p.
1485 937 1574 1009 778.
1625 932 1862 1009 concionatus
1887 936 1960 1025 est,
1980 937 2022 1003 ut
2049 928 2260 1004 Plutarchus
2285 924 2492 1028 mauron

492 1044 573 1120 loeo
608 1047 675 1143 ait,
708 1042 859 1147 ἀναβὰς
894 1046 955 1123 ἐπὶ
980 1045 1025 1123 τὸ
1048 1049 1166 1148 ’βῆμα
1199 1049 1265 1126 καὶ
1299 1047 1637 1150 παραστησάμενος
1653 1049 1823 1150 Ἄρειον,
1858 1047 1929 1126 τὸν
1946 1044 2211 1147 Ἀλεξανδρέα,
2236 1044 2494 1147 philosophum

448 1171 450 1175 ’
492 1163 615 1262 illum,
641 1165 784 1267 dequo
807 1193 917 1268 supra
937 1167 1084 1245 1.ἰλιι.1.
1109 1180 1142 1260 §.
1161 1174 1219 1250 lt).
1239 1172 1306 1247 VI.
1330 1168 1463 1244 dictum
1486 1179 1554 1246 est.
1603 1169 1671 1265 Ac,
1694 1170 1756 1270 qui
1779 1168 1939 1270 ejusdam
1959 1168 2126 1243 orationis
2149 1168 2364 1242 mentionem
2387 1163 2492 1263 fus,

492 1283 562 1359 Ilio
590 1285 739 1362 Cassius
763 1283 864 1362 Libr.
889 1284 953 1361 LI.
977 1312 1008 1363 c.
1030 1292 1090 1365 16.
1112 1289 1255 1389 insuper
1273 1288 1394 1384 addit,
1416 1313 1497 1363 eam
1525 1287 1675 1365 Graeca·
1688 1288 1735 1380 ab
1760 1289 1925 1389 Augusto
1952 1286 2105 1361 babilam
2128 1310 2226 1381 esse,
2261 1284 2371 1359 utab
2396 1285 2494 1363 Ala·-

495 1402 679 1503 xapdrinis
704 1413 827 1504 posset
849 1406 1009 1507 intelligi.
1058 1408 1169 1507 Atqui
1189 1434 1270 1483 eum
1296 1407 1492 1484 Suetonius
1516 1433 1546 1482 α
1571 1412 1633 1486 89.
1660 1408 1860 1504 monuerit,
1892 1408 1989 1481 illum
2019 1407 2174 1506 linguam
2205 1403 2494 1488 Graecarum

494 1521 547 1597 ita
572 1524 746 1620 ealluisse,
771 1530 812 1600 ut
834 1522 1000 1625 expedito
1023 1528 1224 1628 loqueretur
1246 1535 1282 1602 et
1304 1527 1437 1627 aliquid
1462 1551 1670 1626 componere
1693 1525 1850 1621 auderet,
1874 1533 1928 1621 et,
1953 1526 1986 1600 si
2010 1522 2092 1626 quid
2116 1548 2175 1599 res
2200 1524 2384 1624 exigerat,
2410 1520 2495 1597 [ab

494 1639 567 1717 tina
587 1640 754 1719 temneret
779 1641 1058 1745 uertendumque
1083 1646 1145 1721 alii
1168 1645 1292 1741 daret,
1313 1649 1390 1746 jam
1415 1644 1647 1721 Gasaubonus
1671 1644 1719 1721 ad
1743 1646 1778 1720 b.
1800 1647 1825 1721 l.
1848 1670 1920 1719 non
1941 1652 2077 1719 temere
2102 1643 2321 1744 suspicatur,
2345 1640 2416 1717 boo
2438 1664 2493 1717 ax

496 1784 628 1863 genere
647 1762 759 1838 tuisse
780 1762 888 1838 istam
914 1767 1121 1861 orationem,
1147 1790 1189 1840 ao
1209 1766 1393 1840 Fabricius
1415 1764 1460 1839 ad
1481 1764 1609 1839 Illonis
1632 1763 1733 1841 Cass.
1757 1766 1782 1839 1.
1808 1789 1840 1840 ο.
1863 1763 1911 1839 Ν.
1939 1767 2025 1841 104.
2059 1770 2164 1864 atque
2193 1763 2230 1837 in
2261 1760 2364 1837 Caes.
2388 1759 2493 1860 Aug.

495 1877 641 1984 Fragm.
665 1907 704 1982 p.
730 1887 804 1959 172
828 1910 884 1985 sq.
906 1888 1113 1984 conjectura
1137 1883 1263 1959 ductus
1290 1908 1460 1985 perquam
1484 1882 1660 1983 probabili
1682 1884 1826 1979 statuit,
1858 1906 1956 1978 eam,
1991 1882 2038 1956 ab
2061 1882 2141 1980 ipso
2166 1880 2332 1983 Augusto
2355 1876 2494 1955 mrim

497 2006 718 2101 conceptam,
734 1999 774 2077 in
784 2001 962 2079 Graecum
978 2028 1185 2079 conversam
1192 2004 1308 2077 fuisse
1321 2002 1366 2077 sb
1378 2002 1488 2097 Areo,
1503 2002 1644 2078 bomine
1661 2002 1800 2080 Graeco
1819 2009 1855 2076 at
1870 1999 2103 2102 expeditionis
2121 1996 2494 2075 illinsAlaxandrinaa

498 2120 636 2197 consita.
685 2120 780 2197 Huic
804 2129 923 2198 antem
947 2122 1103 2224 opinioni
1123 2120 1375 2225 repugnatio.
1398 2120 1495 2198 Guil.
1516 2123 1732 2224 Bergerus
1720 2149 1758 2197 m
1780 2121 1990 2197 Rhetorioes
2013 2120 2111 2221 aug.
2135 2116 2365 2220 Speoim.1.,
2390 2116 2495 2191 mni·

496 2237 609 2339 tneque
628 2265 666 2339 p
679 2242 845 2319 tte-se.
870 2241 1024 2342 probare
1043 2241 1171 2336 studet,
1190 2241 1325 2319 Graece
1346 2240 1484 2315 dicendi
1506 2240 1753 2343 sedbendique
1774 2240 1977 2317 facultatem
1998 2247 2150 2334 tantam,
2173 2244 2341 2338 quantam
2361 2235 2493 2313 istius-

497 2354 596 2431 modi
622 2359 744 2435 ooneio
768 2359 996 2462 flagitarerit,
1020 2360 1179 2461 Principi
1198 2362 1248 2435 illi
1270 2370 1489 2463 nequaquam
1513 2356 1684 2436 defuisse.
1734 2360 1802 2458 At,
1831 2369 1872 2437 ut
1893 2360 2051 2463 bergero
2077 2357 2284 2451 conoedam,
2310 2352 2366 2450 id,
2394 2347 2492 2457 quod

498 2474 692 2553 Suetonius
716 2478 869 2576 reserat,
896 2480 942 2555 ad
966 2481 1121 2591 Augusti
1140 2479 1315 2581 judicium
1336 2481 1453 2582 potius
1472 2504 1578 2581 qnam
1601 2479 1647 2553 ad
1669 2483 1746 2580 ejus
1770 2479 1987 2556 Graecarum
2008 2479 2213 2553 litteramm
2232 2474 2406 2549 inscitiam
2426 2496 2492 2548 re-

498 2592 586 2671 ferri
609 2606 795 2699 oportere,
818 2599 891 2673 id.
881 2626 999 2700 ipsum
1016 2607 1133 2675 tamen
1158 2606 1379 2693 memoret,
1399 2606 1441 2673 ut
1466 2602 1685 2698 conjecturae
1707 2598 1934 2674 Fabricianae
1956 2599 2136 2672 calculum-
2150 2592 2390 2695 adjiciendum
2406 2616 2493 2667 essa

485 2700 632 2814 ¹pretam.
685 2718 947 2820 Gimumspeoto
973 2720 1067 2793 enim
1087 2722 1200 2794 animo
1224 2718 1400 2821 Augusti,
1426 2719 1556 2818 quoin
1578 2717 1826 2818 componendis
1855 2715 2071 2792 orationibus
2102 2737 2206 2790 nemo
2239 2712 2344 2789 facila
2374 2709 2493 2786 fuerit
2563 2701 2566 2707 ’

499 2831 719 2936 diligentior,
749 2841 856 2938 plane
876 2845 1150 2914 consentaneum
1174 2845 1267 2931 erat,
1291 2845 1351 2931 ut,
1385 2837 1595 2937 praesertim
1618 2863 1699 2911 cum
1724 2836 1834 2912 verba
1862 2835 2019 2910 iactmus
2052 2841 2148 2910 esset
2180 2831 2275 2935 apud
2293 2856 2393 2928 ¹eoas,
2424 2829 2492 2931 qui

500 2976 549 3027 ex
573 2956 774 3031 cultissimis
798 2956 1016 3034 Graecorum
1040 2964 1155 3033 essent
1181 2964 1218 3031 et
1237 2955 1412 3055 Principis
1434 2955 1577 3029 riotoris
1601 2981 1673 3031 non
1695 2956 1790 3030 tacta
1813 2957 1951 3050 solum,
1985 2952 2052 3029 sed
2085 2953 2177 3053 dicta
2194 2974 2338 3054 quoqne
2361 2949 2494 3025 seritar

500 3082 704 3169 censerent,
731 3076 768 3150 in
790 3078 908 3179 lingua
927 3078 1124 3181 peregrina,
1148 3074 1209 3150 ubi
1236 3072 1379 3149 difficile
1402 3073 1513 3150 fuerit
1536 3075 1670 3149 bomini
1695 3075 1874 3170 Romano,
1904 3073 2093 3176 quamlibet
2117 3071 2280 3147 facundo.
2295 3076 2331 3145 et
2349 3068 2496 3145 exarui·

500 3197 595 3289 tato,
621 3193 707 3267 nibil
733 3193 935 3293 offendere,
958 3203 1058 3271 tanto
1081 3195 1196 3295 ιιιορίο
1220 3194 1287 3269 sibi
1312 3218 1336 3268 a
1359 3194 1670 3296 qualibuscumque
1703 3195 1879 3271 sermonis
1911 3193 2088 3268 erroribus
2118 3199 2259 3267 sereret
2279 3188 2429 3291 ideoque
2449 3187 2495 3261 in

501 3311 671 3388 concione
696 3313 834 3390 Graece
856 3315 1017 3390 habenda
1039 3315 1132 3391 haud
1158 3321 1394 3390 contemneret
1416 3314 1673 3389 auxiliatricem
1694 3340 1839 3415 operam
1852 3313 1980 3391 Graeci
2003 3313 2072 3388 sibi
2097 3313 2253 3387 omniurn
2275 3305 2496 3407 nonium&-

502 3428 594 3507 mni.
633 3433 822 3509 Caeterum
847 3434 942 3509 baud
966 3435 1038 3511 scio
1062 3459 1108 3510 an
1129 3434 1323 3511 Suetonius
1347 3435 1415 3509 ista
1435 3431 1608 3509 adnotans
1639 3436 1772 3509 nullam
1800 3433 1907 3508 aliam
1930 3432 2127 3533 respexerit
2150 3431 2355 3524 orationem,
2380 3447 2495 3529 quam

501 3549 781 3626 Alexandrinam
796 3553 921 3630 istama
945 3580 1036 3657 qaae
1052 3554 1115 3628 rix
1131 3552 1281 3629 dubium
1297 3560 1352 3627 est
1370 3553 1457 3654 quin
1471 3553 1580 3630 breve
1597 3553 1715 3654 potius
1725 3577 1766 3627 ao
1779 3552 1997 3628 oomefuerit
2011 3550 2212 3652 alloquium,
2223 3575 2330 3650 quarn
2346 3545 2496 3624 mutor

504 3674 541 3743 et
557 3670 767 3746 elaboratior
790 3675 924 3751 concio.
974 3673 1121 3750 Summa
1144 3674 1237 3748 enim
1268 3677 1367 3772 ejus,
1406 3673 1620 3773 scriptoram
1655 3679 1827 3775 quotquot
1855 3671 1901 3746 da
1931 3697 1975 3746 ea
2001 3670 2192 3771 loquuntur
2224 3691 2417 3763 consensu,
2448 3691 2496 3742 eo

503 3784 619 3884 rediit,
637 3797 678 3865 ut
688 3791 938 3869 Alexandrinis
953 3818 993 3869 se
1010 3792 1195 3895 ignoscere
1212 3818 1407 3892 eormnque
1428 3791 1508 3866 urbi
1532 3817 1719 3893 parsurum
1741 3817 1781 3867 se
1805 3815 1886 3866 asse
1908 3796 1980 3865 tres
2003 3790 2048 3864 ob
2070 3813 2226 3884 caussas,
2242 3811 2329 3888 quas
2351 3793 2497 3862 tontum

502 3930 576 3983 non
598 3934 719 3987 omnes
744 3912 933 4013 scriptores
956 3913 1033 3987 sine
1058 3914 1128 3986 ulla
1147 3911 1222 3986 lere
1242 3913 1413 3986 varietate
1435 3910 1632 4011 proterunt,
1654 3912 1883 4011 polliceretur.
1935 3908 2158 4003 Gonieratur,
2182 3906 2324 4006 praeter
2346 3904 2497 3981 Plutar-

503 4021 608 4104 ebum
641 4037 677 4107 et
706 4031 880 4127 Dionem,
926 4031 1112 4106 Themistii
1142 4029 1243 4107 Orat.
1273 4030 1380 4105 XIII.
1403 4055 1440 4128 p.
1468 4033 1542 4105 212
1568 4057 1621 4129 sq.
1654 4028 1710 4103 ed.
1736 4030 1798 4103 Di.
1856 4027 1986 4129 Imper.
2010 4026 2170 4105 Julianus
2203 4026 2242 4100 in
2268 4023 2419 4126 Epistol.
2444 4023 2496 4100 ad

505 4145 700 4226 Alexandr.
728 4147 792 4224 Ll.
816 4176 855 4249 p.
880 4153 942 4226 aa.
970 4147 1490 4244 ed.Heyl.interalial1oeor
1527 4143 1548 4222 ὃ
1574 4143 1774 4245 Σεβαστὸς
1805 4142 1848 4221 δὲ
1882 4140 2114 4241 ἐπιδημήσας
2146 4141 2260 4242 ὑμῶν
2291 4147 2338 4239 (τῇ
2371 4139 2496 4241 πόλει,

505 4259 573 4336 καὶ
594 4262 690 4364 πρὸς
712 4263 802 4350 rade
826 4263 1030 4365 ὑμετέρους
1051 4261 1205 4349 πολίτας
1226 4262 1457 4361 διαλεχθείς·
1480 4263 1681 4361 ,,’Ἀνδρες,
1707 4263 1831 4360 εἶπεν,
1849 4261 2102 4361 Ἀλεξανδρεῖς
2109 4315 2123 4351 ,
2161 4258 2299 4360 ἀφίημι
2322 4257 2395 4356 τὴν
2421 4260 2498 4339 πό-

506 4384 569 4456 λιν
598 4379 721 4468 ulrice
751 4381 873 4480 πάσης
907 4380 1013 4460 αἰδοῖ
1034 4388 1104 4459 τοῦ
1128 4379 1296 4487 μεγάλου
1319 4385 1418 4459 θεοῦ
1441 4379 1688 4483 Σαράπιδος,
1713 4381 1834 4459 αὐτοῦ
1858 4409 1899 4457 τι
1924 4381 2033 4459 ἕνεκα
2056 4388 2127 4457 τοῦ
2150 4376 2298 4477 δήμου,
2328 4377 2397 4454 καὶ
2422 4386 2498 4458 τοῦ

506 4498 694 4602 μεγέθους
713 4510 779 4599 τῆς
802 4500 962 4588 πόλεως·
989 4499 1092 4579 αλτία
1114 4498 1161 4578 δέ
1175 4529 1244 4602 μοι
1268 4499 1376 4602 τρίτη
1405 4509 1472 4599 τῆς
1508 4505 1559 4587 εἷς
1588 4499 1689 4600 ὑμᾶς
1725 4498 1876 4585 εὐνοίας
1908 4496 1988 4576 ἐστὶ
2020 4496 2086 4575 καὶ
2118 4497 2140 4575 ὃ
2170 4499 2315 4597 ἑταῖρος
2337 4495 2498 4596 ’'Aperoc.

368 4669 373 4676 -
507 4613 625 4714 Quo
614 4647 650 4695 ιιι
664 4623 803 4698 looo'
773 4649 803 4697 ιι
821 4624 898 4725 quis
919 4624 1095 4725 ipsissima
1118 4622 1273 4724 Augusti
1295 4623 1405 4698 verba
1435 4621 1671 4723 deprehendat
1701 4630 1840 4696 serrata
1876 4646 1924 4695 ex
1947 4617 2086 4695 Graeca
2117 4619 2177 4694 illa
2208 4617 2397 4712 cendone,
2421 4643 2500 4696 non

506 4760 725 4840 magnopere
749 4741 1035 4842 intercedam,
1005 4767 1038 4820 ιιι
1061 4739 1202 4848 quidem
1223 4739 1392 4820 credibile
1413 4748 1492 4838 est,
1525 4766 1624 4841 eoru,
1659 4741 1830 4843 exemplis
1854 4738 2017 4842 pluribus
2040 4736 2277 4840 divulgatam,
2310 4735 2357 4812 ad
2380 4735 2500 4816 Julia-

504 4879 590 4931 num
613 4860 828 4960 parvenisse.

1163 5061 1211 5133 B.
1265 5060 1515 5132 Orationes
1559 5057 1617 5131 ud
1655 5044 1851 5133 Milites.

660 5237 842 5341 Quamdiu
874 5239 1037 5343 Augusto
1075 5239 1123 5315 ad
1153 5241 1391 5318 ulciscendam
1416 5248 1453 5316 et
1478 5239 1761 5342 persequendam
1783 5239 1870 5316 Julii
1895 5234 2058 5315 Caesaris
2077 5233 2218 5312 caedem
2242 5237 2278 5309 et
2300 5228 2346 5310 nd
2368 5231 2500 5337 oppri·
2534 5329 2538 5334 Ι

508 5353 658 5433 mendos
683 5358 850 5461 deinceps
873 5385 1053 5436 armorum
1076 5387 1111 5434 rr
1100 5359 1356 5437 adversarios
1376 5362 1494 5437 renali
1518 5360 1666 5434 militum
1688 5366 1934 5434 veteranorum
1951 5381 2059 5458 opera
2082 5362 2134 5430 et
2142 5353 2274 5429 auxilio
2292 5377 2383 5454 opus
2405 5361 2499 5484 erat,

507 5495 581 5549 non
605 5483 745 5576 poterat
769 5477 927 5556 accidere
950 5481 1035 5582 quin
1058 5505 1320 5594 nonnumquam
1344 5506 1469 5586 eorum
1490 5486 1626 5556 mentes
1650 5503 1844 5584 sensusque
1865 5477 1971 5552 etiam
1990 5499 2078 5551 roca
2101 5479 2332 5586 pertractaret
2356 5495 2500 5576 eosque

509 5594 780 5676 concionando
767 5625 806 5676 ιιι
828 5599 899 5678 tide
916 5598 1121 5678 contineret.
1151 5598 1264 5704 Qua
1251 5625 1292 5676 ιιι
1305 5625 1347 5678 re
1362 5625 1445 5676 oum
1467 5600 1631 5697 oliorum,
1645 5596 1888 5676 tummaxima
1906 5595 2072 5674 avunculi
2092 5571 2305 5696 exemplum,
2323 5603 2501 5701 ιῙιιιιιλιιιιι
