5717 6575
841 649 1074 732 EXOERSUS
1093 651 1184 729 vul.
1206 651 1267 724 Du
1288 650 1405 726 LOCO
1428 653 1555 729 SUE‘I'.
1575 647 1687 731 VITA
1706 649 1897 731 nondun
1917 661 1949 742 t.
1968 654 2000 733 7.
2247 645 2251 649 ’
2332 689 2334 694 v
2360 651 2433 731 191
2579 722 2589 753 ,

435 831 503 899 beri
524 829 651 897 Poetam
673 828 879 916 Venusinam,
899 830 1049 898 bominem
1070 833 1187 896 statura
1207 847 1270 895 non
1289 847 1418 918 procera
1438 849 1475 896 ac
1495 834 1602 896 ventre
1622 829 1715 919 paulo.
1740 831 1923 921 projectiore
1948 852 2014 899 cnm
2035 849 2091 901 sno
2112 832 2280 922 aqualiculo
2301 836 2436 928 irrepere

433 918 469 985 in
492 916 687 982 sextariolum
710 923 858 1004 tamquam
886 916 919 982 iii
945 916 1087 981 Musenm
1116 916 1180 980 sive
1207 913 1317 980 lectum
1345 914 1577 982 lncnbratorium
1603 915 1704 1003 ibique
1731 925 1916 983 contractum
1943 919 2078 986 scribere
2099 922 2244 986 carmina:
2274 943 2331 1008 qno
2361 944 2437 992 saue

431 1000 874 1171 tttttiltttttttltt?
883 1001 1135 1152 ’.tttttltt
1154 999 1610 1169 tttttttttiittttt
1629 999 2202 1157 tttit‘ttttitttttlttt
2224 1005 2436 1160 ‘illidii

435 1180 468 1238 et
489 1190 551 1237 con·
570 1173 591 1236 ii
611 1194 696 1262 pars,
719 1176 786 1238 eine
800 1110 924 1251 Jlldctae,
946 1173 997 1239 ein
1016 1105 1234 1243 Nitalpdam
1256 1169 1324 1257 quid
1338 1106 1497 1258 Adgnstus
1520 1172 1566 1242 bis
1587 1172 1688 1238 verbis
1716 1172 1890 1260 significare
1910 1112 2058 1257 voluerit}
2077 1175 2188 1263 primns
2202 1140 2340 1244 ’omnium
2360 1118 2436 1244 vidit

433 1257 604 1325 Salmasius
626 1257 658 1322 in
680 1256 896 1342 eruditissimo,
943 1278 1010 1323 nem
1036 1256 1124 1323 modo
1148 1256 1394 1338 commemoravi,
1423 1256 1502 1322 libro
1524 1261 1556 1322 et
1576 1256 1677 1321 multis
1698 1259 1786 1323 annis
1807 1266 1878 1347 post
1899 1257 2053 1324 Gesnerns
2076 1259 2113 1326 ad
2134 1260 2260 1328 Sueten.
2282 1261 2346 1331 Via
2369 1262 2434 1330 IIo·

433 1351 494 1410 rat.
517 1342 599 1409 Edit.
620 1363 650 1431 p.
671 1342 828 1407 XXXIII.
855 1344 895 1412 N.
917 1343 934 1409 l
959 1392 968 1410 .
998 1341 1060 1422 (ed.
1082 1341 1181 1407 Bothe
1195 1338 1313 1423 11822.)
1334 1340 1366 1407 in
1388 1341 1520 1407 eamdem
1541 1342 1607 1407 fere
1629 1344 1808 1408 sententiam
1828 1341 1934 1408 incidit
1954 1344 2018 1428 sic,
2039 1349 2073 1411 ut
2093 1346 2232 1434 propriae
2252 1347 2435 1414 inventionis

435 1437 467 1494 et
486 1427 632 1493 acuminis
653 1426 741 1493 laude
763 1427 846 1494 nnllo
889 1440 955 1494 acto
981 1426 1143 1518 privandus
1166 1426 1216 1491 sit.
1260 1425 1397 1513 Uterque
1418 1425 1476 1495 Vir
1496 1429 1614 1493 Doctus
1640 1436 1727 1492 acute
1748 1429 1934 1511 observavit,
1961 1428 2129 1495 Sextarioli
2149 1431 2208 1496 viiii
2231 1440 2262 1497 et
2282 1432 2435 1521 significa·

433 1515 547 1579 tionem
570 1514 600 1578 h.
621 1512 643 1579 l.
672 1519 809 1579 sectare
837 1448 886 1578 ad
902 1515 966 1579 e‘ns
995 1513 1139 1597 formam,
1167 1530 1252 1599 quam
1281 1518 1394 1577 curtam
1420 1519 1452 1576 et
1476 1512 1659 1577 ventriosam
1686 1512 1786 1579 luisse!
1805 1520 1941 1581 constatc
1969 1513 2082 1581 videsis
2103 1514 2220 1580 Lucam
2247 1516 2435 1585 Paetum'in

434 1599 536 1665 Tbes.
558 1597 632 1663 Anti
655 1645 663 1664 .
685 1533 774 1664 Idem.
798 1597 921 1664 Graevii
944 1597 1035 1664 Tom.
1056 1597 1115 1665 XI.
1136 1618 1166 1685 p.
1191 1591 1300 1678 loru,
1327 1614 1416 1687 quem
1439 1597 1512 1662 citat
1532 1596 1598 1663 Fea
1618 1597 1652 1662 in
1673 1598 1777 1665 I'raef.
1798 1596 1909 1664 Horat
1931 1599 2024 1666 Tom.
2045 1599 2072 1668 I.
2122 1650 2130 1666 .
2152 1600 2275 1668 XXIX.
2305 1601 2435 1682 (Romae

435 1681 599 1775 leliqua
620 1618 747 1747 addatur
769 1682 805 1749 de
827 1683 948 1771 congio
969 1682 1158 1749 Famesiano
1181 1680 1284 1779 Ilaase
1306 1684 1338 1745 in
1359 1681 1537 1770 Palaeolog.
1563 1703 1595 1771 p.
1614 1679 1648 1750 4.
1670 1682 1821 1779 salmasio
1850 1683 2018 1772 corrigenti
2038 1685 2075 1754 t'tt
2094 1620 2244 1755 Xeaetomo
2265 1688 2335 1752 illos
2356 1689 2435 1754 acti·

434 1771 505 1836 bere
525 1788 641 1855 nequeo
663 1768 806 1835 calculum
828 1766 955 1850 addere,
977 1764 1211 1855 qnandoquidem
1233 1787 1278 1830 sio
1299 1767 1464 1852 quaesitum
1485 1768 1671 1833 Deminntivi
1692 1788 1815 1833 acumen
1835 1776 1955 1869 pereat3
1985 1767 2064 1835 idem
2084 1791 2168 1853 vero,
2189 1769 2348 1857 flagitante
2369 1770 2434 1836 La·

436 1853 567 1935 tinitate,
589 1873 646 1941 pro
667 1852 750 1940 vulg.
774 1872 871 1937 qaum
893 1853 1003 1942 optimc
1025 1852 1158 1918 correxit
1179 1868 1241 1936 quo
1263 1849 1284 1915 i.
1297 1871 1324 1915 e.
1345 1860 1382 1916 ot
1404 1872 1456 1918 eo:
1478 1851 1544 1918 Fea
1565 1859 1597 1918 et
1616 1851 1885 1940 Vanderbonrgins
1907 1873 1948 1918 ex
1969 1852 2066 1923 Codd.
2086 1863 2266 1942 receperunt
2286 1866 2333 1937 cit,
2357 1855 2434 1943 qnod

434 1938 732 2026 interpretamentum
754 1944 816 2003 τοῦ
838 1957 900 2022 quo
932 1957 1001 2004 esse
1030 1938 1176 2026 suspicor.
1218 1934 1296 2001 Item
1327 1933 1480 2003 Gesnerus
1502 1955 1565 2022 qtae
1585 1957 1641 2026 pro
1663 1956 1775 2023 wem,
1798 1938 1875 2026 quod
1903 1946 2046 2004 consueta
2068 1939 2257 2040 corruptione
2280 1961 2319 2006 ex
2341 1958 2436 2026 qatom

434 2030 533 2091 ortum
559 2043 628 2088 esse
654 2030 750 2111 putat.
801 2023 851 2089 Ex
881 2023 999 2089 ratione
1027 2021 1218 2088 Salmasiana
1244 2020 1401 2121 Augustus
1430 2023 1475 2088 ita
1504 2023 1654 2110 queritur,
1688 2022 1780 2089 nimis
1813 2044 1882 2089 esse
1919 2023 2040 2089 brevem
2061 2023 2184 2089 Horatii
2210 2025 2341 2090 libellum
2369 2025 2435 2091 sive

436 2107 509 2174 libri
529 2107 684 2190 volumen,
707 2106 871 2194 suadetque
894 2107 938 2193 ei,
981 2128 1019 2174 iio
1040 2104 1190 2173 modulum
1209 2112 1325 2171 ventris
1347 2107 1396 2173 eui
1421 2108 1608 2193 imitaretur,
1636 2106 1686 2195 qui
1713 2116 1780 2172 erat
1806 2107 1955 2190 crassior,
1984 2106 2125 2197 deinceps
2153 2108 2272 2175 libellos
2302 2130 2375 2176 snos
2401 2109 2434 2175 in

434 2188 578 2259 Scutario
600 2193 743 2261 scribere.
785 2192 935 2280 Intelligit
956 2128 1128 2260 dexterum
1150 2194 1194 2259 ed
1214 2208 1366 2289 qratiam:
1397 2192 1424 2258 si
1445 2192 1483 2258 ad
1510 2213 1576 2259 eam
1598 2191 1827 2287 crassitudinem
1852 2191 1948 2258 libelli
1977 2194 2021 2258 tui
2041 2214 2103 2259 non
2123 2202 2250 2281 possunt
2263 2193 2434 2283 pervenire,

435 2284 472 2379 ut
491 2275 651 2377 ventriculi
672 2279 716 2378 tni
736 2277 853 2343 modum
876 2286 1063 2366 exaequent,
1085 2277 1134 2343 fac
1155 2297 1208 2342 eos
1224 2275 1352 2376 'scribas‘
1366 2275 1399 2343 iu
1420 2276 1582 2380 Sextario:
1609 2277 1654 2343 iic
1676 2277 1899 2379 exaequabnnt·
1935 2275 2047 2378 §Itucci
2067 2275 2267 2364 κυλίνδρους
2287 2279 2435 2379 vocabant

435 2360 959 2537 ttt⁰tittlttttt·.t³tt¹¹ttt
979 2359 2436 2536 titt.,⁸1⁰ttttt.t“litt‘'tltttt‘tfflt.tltttttttttttttttttttttt

433 2530 520 2598 illins
542 2531 717 2618 consilinm,
738 2554 837 2598 vereri
857 2532 956 2616 illnm,
977 2552 1017 2598 ne
1038 2548 1073 2598 se
1093 2532 1161 2620 ipso
1186 2530 1316 2615 majores
1342 2530 1408 2598 sint
1429 2530 1517 2615 libri,
1546 2553 1619 2620 qnos
1647 2528 1762 2599 ederet.
1812 2528 1925 2617 Addit,
1953 2530 1981 2598 si
2001 2532 2076 2598 velit
2096 2522 2194 2598 Poc'ta
2214 2530 2364 2598 volumina
2386 2532 2431 2597 la·

434 2628 507 2684 cere
527 2617 574 2683 sni
596 2617 722 2700 similia,
744 2617 854 2684 debera
873 2616 929 2682 illa
949 2638 1011 2683 non
1032 2616 1126 2703 longa
1148 2615 1264 2717 quidem
1285 2634 1370 2700 esse,
1390 2648 1437 2668 u-
1462 2617 1577 2705 (cogita
1597 2617 1664 2700 bic,
1686 2615 1816 2700 Lector,
1837 2617 1975 2682 volumen
2002 2617 2035 2681 in
2062 2616 2172 2683 bacillo
2193 2637 2248 2683 sno
2270 2616 2318 2683 vel
2340 2615 2433 2705 longo

433 2701 484 2768 vel
505 2701 589 2770 brevi
601 2702 803 2785 convolutum)
820 2736 858 2752 -
875 2702 929 2768 sed
951 2709 1051 2768 tamen
1073 2697 1282 2767 crassinscnla.
1305 2704 1410 2790 ltaque
1423 2701 1494 2768 licet
1504 2723 1558 2791 pro
1574 2701 1628 2766 illo
1643 2701 1762 2785 bacillo,
1784 2700 1833 2767 cui
1852 2699 2016 2767 involvitur
2026 2701 2141 2784 charta,
2163 2700 2307 2767 adbibere
2322 2700 2434 2767 Sextii·

434 2785 562 2870 riolum,
584 2785 750 2874 cylindrum
773 2788 910 2870 brevem,
931 2786 987 2853 sed
1006 2787 1200 2889 proportione
1222 2809 1378 2872 crassum,
1397 2821 1443 2840 ···
1471 2788 1520 2871 (nt
1540 2787 1567 2853 si
1588 2785 1670 2853 axim
1694 2794 1805 2872 aequet
1829 2785 1880 2852 vel
1905 2791 2028 2873 superet
2053 2784 2130 2850 adeo
2156 2783 2433 2872 diametros,.qnod

433 2870 468 2938 In
489 2872 638 2938 mensuris
656 2873 756 2962 parvis
778 2872 970 2959 liquidorum,
991 2893 1090 2960 magis
1111 2872 1200 2938 etiam
1222 2875 1387 2956 aridorum,
1416 2870 1542 2938 solenne
1563 2878 1628 2951 est)
1657 2904 1700 2919 -
1729 2891 1788 2957 qno
1809 2870 1830 2938 i.
1852 2890 1881 2940 e.
1900 2878 1935 2937 nt
1955 2869 2097 2936 circuitus
2118 2870 2163 2935 tni
2183 2868 2341 2935 voluminis
2362 2888 2432 2958 pro-
2533 2903 2564 2919 -·

432 2962 504 3047 pter
523 2955 627 3041 illum,
649 2958 696 3022 cni
716 2957 879 3023 involutum
901 2964 968 3040 est,
986 2956 1187 3023 Sextariolnm
1211 2959 1252 3025 sit
1273 2957 1503 3041 tumidissimus,
1535 2957 1614 3023 sient
1641 2963 1690 3022 est
1709 2954 1852 3021 circuitus
1880 2952 2039 3021 ventriculi
2060 2954 2115 3021 tni.
2158 2952 2244 3020 Haec
2266 2953 2431 3037 Gesnerus,

433 3041 520 3128 cnjus
540 3041 816 3131 interpretationem
838 3039 970 3132 amplexi
991 3049 1063 3108 sunt
1083 3041 1271 3128 blitscberl.,
1291 3044 1364 3112 Jani
1386 3051 1417 3110 et
1438 3042 1523 3127 Fea,
1552 3062 1593 3107 ex
1620 3040 1726 3129 qnibns
1754 3049 1853 3106 tamen
1882 3038 1939 3105 duo
1967 3039 2084 3128 priores
2107 3057 2204 3124 qaum
2232 3039 2432 3120 retinuerunt,

435 3131 471 3192 et
499 3127 667 3195 dommodo
694 3127 928 3217 explicaverunt.
976 3124 1049 3196 Car.
1075 3126 1143 3193 Fea
1170 3137 1321 3219 comparat
1352 3127 1491 3217 opposito
1523 3147 1614 3192 sensu
1642 3124 1779 3193 Martial.
1795 3124 1900 3193 -Libr.
1921 3124 1965 3190 11.
1991 3123 2097 3213 Epigr.
2119 3122 2152 3189 d.
2179 3144 2207 3190 v.
2231 3121 2273 3189 1⁰
2294 3144 2360 3212 sqq.
2390 3158 2433 3173 -
2552 3172 2554 3178 -

421 3210 474 3278 ·In
494 3210 564 3277 libr.
592 3232 651 3281 scr.
680 3220 712 3277 et
739 3212 823 3278 editt.
850 3206 1115 3297 οἱκολὴστατος,
1142 3209 1411 3294 ὂτηκωάντατοςι
1447 3210 1517 3278 inde
1543 3212 1681 3277 fecerunt
1706 3208 1844 3278 Nannins
1871 3216 1903 3275 et
1930 3205 2058 3297 Gujetus
2080 3203 2334 3294 ὀγκωδέστατος
2363 3208 2381 3275 i.
2405 3229 2432 3274 e.

436 3296 658 3366 assuimus:
679 3296 757 3385 qnod
778 3298 935 3389 probatum
956 3319 975 3365 a
997 3296 1177 3368 casaubono
1200 3308 1231 3365 et
1252 3297 1466 3387 Oudendorpio
1486 3296 1595 3384 reliqui
1615 3296 1682 3364 fere
1703 3316 1808 3363 omnes
1829 3292 1999 3364 ediderunt.

1215 3851 1537 3931 monueris
1579 3850 1664 3926 m

1392 4042 1468 4118 DE

735 4237 1149 4366 viroldus,
1177 4237 1580 4347 nodosum
1608 4235 1734 4343 ΕΤ
1763 4235 2138 4343 'mmm

1275 4458 1610 4566 inonmmns.
1740 4497 1745 4511 ·
2227 4485 2229 4490 ·

593 4839 778 4911 Viniciornm
808 4862 885 4931 gens
911 4827 1031 4942 plebeja
1058 4838 1175 4928 quidem
1206 4837 1264 4904 luit
1285 4821 1338 4903 sed
1365 4836 1514 4925 equestris
1536 4834 1667 4919 ordinis,
1695 4854 1769 4922 qnos
1790 4833 1871 4900 inter
1891 4831 1970 4900 band
1990 4830 2078 4922 pauci
2098 4830 2231 4919 Augusti
2253 4823 2430 4929 Tiberiiqne

439 4923 1465 5080 appears..‚piichqiqiipmiqiiqiqtopqqqiqq
1483 4918 1942 5087 uitilimniimiiiiiffll
1956 4914 2105 5067 i¹⁰“¹lil
2125 4914 2430 5089 :ttttttt

509 5034 577 5079 icae
653 5034 752 5079 rimi.
907 5033 1113 5080 .aeiin
1257 5058 1265 5075 .
1380 5056 1389 5075 .
1709 5050 1716 5068 .

385 5081 389 5088 ¹
436 5031 564 5168 Ituctobri
578 5033 659 5163 citt.
674 5095 710 5164 C.
725 5093 800 5164 7⁰3.
811 5118 837 5163 s.
848 5094 936 5165 aaa.
951 5094 1040 5179 Chr,
1061 5030 1207 5162 memorpat
1216 5092 1254 5161 L.
1266 5092 1419 5161 I't'iticiom
1448 5088 1592 5174 ncmdam,
1607 5090 1665 5159 Tr.
1680 5088 1740 5179 pl.,
1763 5088 1846 5156 cn'ns
1868 5086 1985 5175 quidem
1997 5023 2114 5152 ’admon
2134 5084 2166 5150 in
2188 5082 2260 5170 aliq.
2281 5080 2376 5153 Codd.
2399 5089 2432 5148 et
2506 5099 2513 5118 ·

437 5181 535 5250 Editt.
562 5180 697 5249 Vicimus
719 5187 873 5248 exaratum
893 5179 1061 5280 invenitur,
1082 5177 1138 5244 sed
1152 5176 1238 5279 vulg.
1261 5114 1512 5266 canlandorp.
1534 5197 1563 5271 p.
1585 5172 1659 5240 904.
1681 5110 1824 5263 praeludit
1845 5169 1978 5238 0rellins
2004 5171 2036 5236 in
2062 5168 2170 5236 Onam.
2197 5165 2283 5233 Tull.
2303 5188 2333 5255 p.
2354 5162 2430 5233 647.
2458 5198 2465 5216 ·

434 5265 529 5334 Hunc
549 5265 586 5333 I.
612 5265 764 5334 Vinicium
785 5263 820 5332 i.
841 5265 865 5349 f.
888 5263 1028 5331 credibile
1049 5271 1097 5331 est
1117 5262 1216 5329 insse
1227 5260 1389 5329 Consulem
1405 5259 1476 5329 suff.
1500 5281 1540 5326 ex
1552 5258 1623 5327 Kal.
1636 5257 1680 5324 Se
1702 5257 1805 5324 tembr.
1819 5278 1847 5325 a.
1862 5255 1900 5325 U.
1915 5254 1951 5324 C.
1966 5255 2040 5356 72).
2055 5274 2082 5319 s.
2096 5252 2148 5320 33.
2165 5273 2193 5317 a.
2205 5250 2281 5318 Chr.
2294 5270 2325 5316 v.
2339 5247 2428 5352 Fast.

436 5349 515 5442 (lap.
538 5351 577 5417 ad
598 5373 626 5420 a
646 5347 718 5420 720.
763 5352 843 5417 Num
864 5348 902 5415 ad
924 5371 990 5416 eum
1018 5347 1168 5438 pertineat
1188 5345 1302 5413 Nemus
1324 5367 1373 5435 ap.
1394 5344 1523 5412 Eckhel.
1550 5341 1588 5409 P.
1610 5341 1653 5410 11.
1670 5279 1750 5413 idol.
1772 5341 1803 5410 5.
1831 5362 1862 5432 p.
1882 5338 1973 5426 343„
1999 5362 2032 5405 in
2053 5358 2110 5425 qiio
2133 5342 2221 5426 caput
2241 5331 2430 5401 Concordiae

436 5436 604 5503 laureatum
626 5444 743 5504 etcum
764 5435 883 5503 nomine
903 5434 941 5502 L.
967 5432 1066 5501 Victi'ci
1086 5441 1118 5499 et
1144 5431 1281 5504 Victoria
1283 5451 1437 5586 Vpropere
1466 5425 1609 5517 gradiens
1646 5426 1808 5513 oblongum
1828 5425 1945 5516 palmae
1964 5444 2079 5492 ramum
2101 5428 2201 5503 tenet,
2223 5419 2270 5485 cni
2291 5417 2429 5508 illigatae

436 5528 566 5609 quatuor
588 5521 726 5606 laureae,
747 5523 780 5588 in
801 5520 897 5587 medio
918 5519 1102 5607 relinquam,
1129 5515 1200 5583 licet
1220 5517 1263 5585 L.

1327 5514 1399 5582 nicii
1426 5513 1592 5588 Consulatu
1642 5511 1753 5579 bimis
1781 5512 1813 5578 in
1842 5509 1906 5578 dies
1928 5506 2078 5577 discordia
2098 5505 2339 5573 Triumvirornm
2369 5502 2429 5569 lar·

435 5623 510 5694 gam
530 5606 700 5697 suppeditet
721 5605 873 5676 divinandi
893 5604 1057 5674 materiam.
1099 5602 1210 5672 Exstat
1237 5601 1328 5671 etiam
1348 5599 1502 5669 Denarina
1523 5620 1589 5668 cum
1610 5534 1643 5666 X

1641 5598 1742 5686 ngusti
1764 5595 1861 5685 capite
1881 5616 1901 5663 a
1920 5594 1963 5664 li.
1983 5591 2103 5665 Vinicio
2124 5589 2184 5659 Ill.
2201 5591 2266 5657 viro
2287 5586 2428 5656 moreau
