5717 6575
1017 637 1243 714 POEMATIS
1263 640 1446 713 LATINIS
1467 641 1529 712 ET
1551 639 1749 711 GRAECIS.
2318 646 2370 724 95

379 832 465 973 qpin
488 855 611 908 versus
636 829 723 905 istos
744 826 979 904 Fescenninos
1005 851 1076 905 ιοι
1100 835 1182 905 ante
1204 829 1353 931 scriptos
1377 829 1422 906 ab
1444 830 1610 932 Augusto
1634 836 1672 906 et
1695 830 1873 928 evulgatos
1897 825 1976 908 asse
1998 833 2133 929 putem,
2154 853 2261 930 quam
2281 832 2369 908 aar·

378 954 463 1028 nius
486 950 623 1044 Pollio,
645 945 787 1022 acted
813 945 914 1022 vm.
940 947 1026 1023 Kal.
1048 945 1240 1025 Novembr.
1262 949 1367 1024 οὓ.
1392 948 1435 1025 G.
1462 953 1551 1028 715.
1572 973 1602 1024 ι.
1627 951 1689 1026 39.
1713 946 1958 1047 triumphe,
1944 974 1983 1022 ιι
2007 948 2116 1022 vitam
2140 949 2311 1050 privatam
2333 957 2370 1029 et

378 1070 493 1149 otiam
514 1093 593 1145 sese
618 1064 820 1141 abdidisset.
869 1065 913 1140 ln
937 1090 1008 1166 quo
1030 1067 1102 1141 otio
1119 1092 1228 1170 quum
1252 1067 1397 1141 nimiam
1418 1066 1534 1163 istam,
1558 1072 1738 1169 quaerat,
1763 1089 1806 1139 ao
1822 1063 1977 1140 ferocem
2010 1067 2187 1168 cogitandi
2210 1067 2368 1144 dicendi-

377 1213 452 1290 que
473 1186 672 1265 libertatem
693 1183 859 1259 retineret
881 1183 951 1259 et
940 1183 1102 1284 inprimis
1137 1183 1359 1261 Antonianae
1387 1184 1550 1260 factionis
1574 1183 1734 1260 studium
1755 1208 1842 1286 prae
1867 1207 1907 1259 ιο
1930 1181 2056 1279 ferret,
2091 1211 2166 1261 non
2190 1196 2244 1263 est
2269 1187 2367 1290 quod

376 1307 566 1401 ιιὶιιιιιι,
589 1304 795 1405 Augustum
817 1301 1090 1413 stomachantem
1115 1303 1288 1379 comisto
1312 1303 1500 1405 pertinacis
1525 1303 1630 1378 animi
1649 1304 1789 1379 bomine
1812 1298 2000 1404 aliquando
2025 1328 2125 1398 eum,
2153 1330 2257 1407 quem
2282 1331 2367 1383 eona

377 1433 489 1502 staret
513 1422 597 1500 artis
610 1421 768 1523 poeticae
784 1418 983 1496 studiosum
1007 1445 1099 1516 csse,
1126 1420 1290 1498 versibus
1310 1421 1537 1498 Fescenninis
1561 1419 1637 1497 sive
1661 1446 1709 1497 ex
1732 1421 1849 1495 animo
1872 1421 1950 1495 sive
1972 1445 2039 1520 per
2059 1425 2290 1521 petulantiam
2308 1429 2367 1501 in·

376 1543 577 1636 oesdeisse,
601 1541 722 1642 ipsum
746 1546 864 1637 autem
886 1538 1096 1634 Pollionem,
1121 1547 1200 1614 turn
1222 1539 1374 1614 maxime
1396 1539 1458 1614 otii
1483 1548 1520 1614 et
1541 1540 1638 1640 pacis
1662 1547 1849 1634 amantem,
1873 1539 2036 1641 Augusto
2060 1540 2279 1639 Triumviro,
2304 1547 2366 1647 qui

375 1663 553 1760 inceptam
574 1657 861 1761 proscriptionem
881 1664 1032 1758 utroque
1058 1659 1192 1760 collega
1217 1657 1377 1733 acerbius
1397 1682 1511 1759 nuper
1536 1657 1774 1754 exercuisset,
1795 1658 1882 1732 nibil
1903 1658 2144 1758 rescripsisse.

527 1778 585 1853 De
606 1776 831 1852 Fescenninis
853 1775 1008 1876 Augusti
1041 1799 1136 1850 unus
1166 1777 1267 1851 testis
1296 1781 1415 1851 exstat
1440 1775 1657 1852 Macrobius.
1707 1774 1846 1876 Quodsi
1868 1775 1978 1877 igitur
1999 1776 2104 1854 1.(1.
2126 1778 2305 1857 Fabricius
2326 1783 2365 1860 in

374 1898 471 1974 bibl.
494 1894 575 1971 Lat.
600 1892 705 1971 libr.
727 1893 791 1970 lv.
818 1898 911 1970 od.
928 1893 1034 1968 Τοιι.
1054 1893 1124 1968 111
1113 1921 1181 1995 p
1205 1899 1294 1973 307.
1320 1892 1377 1970 ed.
1401 1893 1489 1972 Ero.
1513 1895 1677 1996 scripsitc
1703 1894 1932 1996 „Supersunt
1956 1901 1992 1968 et
2014 1882 2230 1973 Fescennina
2253 1926 2365 2002 quae·

375 2016 458 2091 dam
480 2012 667 2117 Augusti
654 2039 694 2088 ιι
715 2012 948 2098 Antonium
936 2038 973 2085 ιι
994 2010 1181 2088 Cataleetis
1210 2020 1414 2114 poetarum
1402 2015 1442 2059 ·“
1472 2020 1535 2088 aut
1566 2013 1734 2116 cogitavit
1758 2011 1804 2088 dc
1832 2014 1902 2088 isto
1931 2012 2028 2112 apud
2060 2015 2259 2092 Martialem
2281 2021 2363 2120 cpi·

373 2142 583 2237 grammate,
607 2139 669 2206 aut
693 2130 877 2207 manifesto
899 2131 1040 2245 erravit,
1061 2131 1143 2230 qrria
1165 2155 1211 2206 ne
1234 2131 1382 2206 verbnm
1407 2129 1550 2232 quidem
1572 2157 1621 2207 ex
1642 2132 1739 2207 illius
1759 2130 2092 2234 Fescenninisapud
2118 2137 2230 2212 udum
2254 2164 2362 2240 repe-

375 2256 463 2329 ritur
486 2251 774 2330 Grammaticum.
824 2247 923 2325 Idem
956 2235 1141 2326 Fabricius
1170 2249 1329 2351 graviter
1358 2248 1514 2345 fallitur,
1548 2275 1658 2352 quum
1686 2249 1926 2329 Fescenninos
1958 2251 2002 2325 ab
2024 2251 2189 2352 Augusto
2214 2259 2360 2358 scriptos

373 2397 455 2449 esse
476 2369 642 2447 censet
630 2396 669 2444 ιι
696 2375 731 2446 l
726 2373 846 2446 edium
879 2372 1091 2461 Polbonem,
1126 2391 1275 2446 sacrum
1307 2366 1418 2447 istum
1441 2371 1649 2483 lureonem,
1671 2393 1777 2471 quern
1803 2370 2010 2445 memoravit
2040 2370 2359 2453 mecastor.

372 2489 471 2571 LIV.
498 2491 618 2566 ι23.
648 2485 694 2565 Ν.
719 2489 805 2565 189.
829 2485 908 2563 Vol.
931 2481 1055 2589 VLp.
1082 2490 1167 2564 123.
1192 2484 1284 2564 Stra.

1304 2715 1350 2827 S.
1383 2714 1425 2809 5.

526 2849 657 2926 Caesar
679 2850 863 2951 Augustus
887 2847 996 2925 etiam
1021 2849 1059 2926 in
1079 2871 1266 2926 numerum
1284 2852 1476 2928 Poetarum
1500 2849 1596 2952 apud
1620 2848 1798 2927 Romanos
1822 2848 2055 2951 Tragicorum
2078 2855 2238 2952 receptus
2259 2862 2358 2930 csta

371 2967 470 3045 Viris
480 2968 617 3064 Doctis,
644 2969 702 3069 qui
723 2965 770 3042 de
785 2968 929 3043 historia
944 2969 1139 3045 litterarum
1156 2967 1368 3046 Latinarum
1385 2968 1673 3072 seripserunt15)
1722 2969 1814 3045 Nam
1828 2976 1918 3045 teste
1935 2967 2046 3045 Snida
2071 2970 2358 3075 amdaiyoo·

372 3108 496 3172 orec·
520 3089 726 3184 Καῖσαρ,
764 3083 785 3162 ὃ
813 3084 880 3161 καὶ
904 3083 1102 3186 Σεβαστὸς
1134 3084 1199 3162 καὶ
1225 3086 1478 3189 Ὀκταβιανὸς
1513 3084 1747 3182 ἐπικληθεὶς,
1790 3086 1932 3190 ἔγραψε
1955 3127 2008 3143 -
2039 3083 2105 3160 καὶ
2136 3085 2359 3191 τραγῳδίαν

376 3201 543 3290 Αἴαντός
564 3228 606 3279 τι
628 3201 694 3278 καὶ
711 3201 929 3299 Ἀχιλλέωςι
955 3231 1109 3308 quocum
1131 3208 1292 3281 convenit
1312 3207 1471 3285 Eudocia
1491 3208 1533 3282 in
1556 3205 1743 3281 Villoisoni
1764 3204 1901 3281 Aneod
1924 3204 1989 3283 Gr.
2014 3203 2122 3281 Τοιι.
2145 3205 2175 3280 l.
2201 3233 2236 3309 p.
2259 3211 2320 3285 69.

521 3322 616 3401 ‘Cum
637 3348 739 3399 nemo
764 3323 852 3398 alius
874 3330 1033 3399 veterum
1052 3325 1261 3427 scriptorum
1275 3332 1424 3405 Achillis
1442 3322 1644 3428 tragoediae
1673 3323 1718 3400 ab
1732 3325 1899 3427 Augusto
1916 3327 2132 3426 compositae
2147 3327 2356 3403 mentionem

368 3443 508 3541 feeerit,
533 3442 745 3546 Rutgersius
772 3439 878 3517 adh.
903 3444 929 3518 Ι.
951 3443 1162 3545 suspicatur,
1186 3443 1335 3521 Suidam
1359 3472 1431 3523 non
1457 3443 1548 3520 duas
1570 3444 1785 3519 intellexisse
1808 3442 2021 3545 tragoedias,
2047 3442 2112 3517 sed
2136 3469 2242 3519 unam
2261 3453 2356 3544 Aja-

369 3572 422 3640 eis
447 3563 590 3638 nomine
613 3563 814 3663 inscriptam
832 3567 867 3635 et
889 3559 1065 3636 addidisse
1087 3589 1143 3638 ιι.
1168 3560 1234 3637 καὶ
1249 3560 1454 3659 Ἀχιλλέως,
1477 3562 1647 3665 quoniam
1661 3561 1805 3637 Aebillis
1830 3586 1929 3636 arma
1952 3561 2055 3662 Ajaei
2079 3561 2203 3637 mortis
2229 3588 2355 3640 caussa

368 3681 515 3757 fuerint.
567 3685 619 3757 At
643 3706 722 3755 eam
746 3683 981 3781 conjecturam
1001 3677 1103 3754 valde
1123 3678 1392 3782 improbabilem
1414 3707 1554 3758 censeo.
1604 3687 1777 3782 Apertum
1800 3682 1894 3754 enim
1917 3686 1989 3773 est,
2018 3678 2111 3780 apud
2136 3679 2283 3755 Saridam
2308 3683 2354 3759 de

368 3800 507 3875 dnabm
537 3797 667 3875 diversi
694 3799 893 3901 argumenti
927 3796 1120 3900 tragoediis
1153 3823 1354 3874 sermonem
1383 3824 1476 3877 esse.
1526 3797 1621 3875 Nam
1654 3800 1687 3874 si
1717 3797 1811 3874 sorte
1842 3799 1931 3873 bace
1953 3795 2138 3899 tragoedia
2164 3798 2354 3877 binominis

368 3919 516 4015 inisset,
539 3924 583 3991 nt
618 3917 730 4012 aliae,
762 3916 807 3990 de
837 3916 963 4017 quibus
998 3916 1075 3991 dixi
1105 3917 1144 3991 in
1167 3917 1364 3993 Gomment.
1390 3922 1436 3994 de
1459 3924 1590 3995 Ιιοιιίο
1612 3925 1722 3995 Poeta
1746 3928 1779 4009 §.
1806 3922 1867 3994 10.
1890 3915 1931 3991 in
1954 3921 2051 3992 Poet.
2071 3924 2156 3994 Lat.
2175 3925 2287 4019 Retia.
2314 3947 2353 4022 p.

368 4044 418 4114 81
445 4063 512 4139 sq,
537 4034 687 4111 debebat
709 4058 732 4109 a
757 4035 873 4113 Suida
891 4034 1015 4110 scribi:
1040 4036 1205 4118 Ᾰιάντος
1228 4032 1253 4130 ἢ
1273 4032 1476 4130 Ἀχιλλέως.
1526 4036 1653 4137 Itaque
1677 4062 1724 4111 ex
1747 4035 1820 4111 fide
1841 4033 1975 4112 Suidae
1999 4040 2035 4107 et
2060 4031 2238 4111 Eudoeiae
2265 4064 2353 4114 con-

367 4181 487 4251 sensu,
504 4179 589 4231 sane
614 4178 718 4256 quam
745 4154 830 4229 exili
856 4178 896 4229 ac
918 4152 1087 4249 sublesto,
1112 4154 1277 4255 Augnmo
1301 4153 1530 4255 attribuemus
1547 4159 1720 4232 Achillem
1740 4153 1969 4257 tragoediam.
2020 4150 2095 4251 Qui
2117 4151 2214 4254 apud
2236 4154 2354 4234 Grae·

366 4299 430 4352 ωι
453 4274 702 4374 Romanosque
724 4272 939 4374 scripserunt
961 4272 1067 4372 hujus
1083 4273 1235 4348 nominis
1258 4271 1429 4368 fabulam,
1456 4278 1686 4349 recensentur
1709 4299 1733 4348 a
1749 4272 1937 4348 Welckero
1962 4271 2002 4345 in
2022 4269 2158 4374 Trilog.
2182 4273 2352 4373 Aesebyl.

366 4420 409 4494 p.
432 4397 541 4489 428,
569 4391 632 4469 Fr.
663 4389 794 4469 Stierio
826 4391 864 4466 in
890 4390 1041 4467 Dissert.
1067 4389 1113 4465 de
1146 4392 1200 4467 rei
1223 4390 1381 4466 seenieae
1406 4391 1648 4492 epitomen.
1677 4385 1816 4493 origine'
1840 4391 1976 4487 (Berol.
2004 4392 2132 4485 1828.)
2166 4417 2202 4492 p.
2225 4397 2288 4471 88.
2316 4400 2353 4469 et

364 4511 642 4590 E‘Iiueutaero
664 4510 703 4584 in
723 4509 878 4585 Dissert.
914 4507 961 4584 de
985 4507 1090 4585 Livio
1130 4508 1331 4586 Andronico
1355 4510 1490 4605 (Berol.
1515 4512 1642 4605 1835.)
1669 4537 1706 4611 p.
1736 4515 1800 4588 22.
1849 4507 2035 4609 Aagmtus
2058 4531 2121 4581 eur
2144 4507 2211 4584 boo
2241 4535 2352 4613 argu·

363 4638 528 4707 ruentum
548 4628 753 4731 tragoediae
775 4626 979 4728 subjecerit,
1001 4632 1078 4727 ejus
1100 4629 1154 4703 rei
1179 4628 1299 4729 aliqua
1318 4626 1411 4701 ratio
1436 4626 1541 4703 reddi
1564 4635 1684 4729 potest
1708 4652 1758 4702 ex
1778 4624 1945 4727 Appiano
1968 4626 2014 4702 Β.
2041 4623 2084 4702 G.
2106 4622 2207 4730 Libr.
2224 4627 2294 4706 111.
2318 4657 2351 4707 c.

367 4752 454 4846 130,
485 4747 545 4851 qni
564 4748 698 4843 refert,
721 4748 925 4848 Augustum
943 4745 1089 4822 Achillis
1113 4747 1279 4847 exemplo
1300 4748 1437 4820 moveri
1459 4747 1599 4821 solitum
1623 4770 1702 4822 esse
1726 4752 1763 4820 et
1785 4744 1931 4820 excitari
1953 4740 2000 4817 ad
2024 4744 2277 4844 eloquentiam,
2308 4756 2351 4823 ut

358 4873 441 4970 jam
463 4866 647 4943 admonuit
658 4867 837 4967 Bergerus
858 4864 898 4939 in
915 4862 1068 4964 Speeim.
1082 4864 1116 4940 Ι.
1139 4864 1287 4941 Rbetor.
1304 4863 1398 4967 Aug
1426 4864 1626 4967 (Viteberg.
1646 4870 1756 4943 1710.
1775 4864 1832 4962 4.)
1855 4889 1891 4964 p.
1909 4866 1974 4941 02.
2022 4860 2167 4939 Horatio
2182 4866 2350 4941 scribenti

362 4985 414 5062 ad
436 4987 586 5062 Pisones
610 5009 653 5060 ae
676 4981 912 5086 praecipienti
934 5008 970 5058 ι.
997 4988 1071 5060 120
1092 5009 1188 5086 sqq.=
1214 4989 1399 5084 „scriptor
1420 4987 1695 5061 honoratam
1661 5012 1695 5060 ιι
1722 4985 1823 5085 forte
1843 4986 1988 5079 ιιιιοιιὶι
2009 4984 2203 5076 Achillem,
2236 4990 2351 5083 Impi-

356 5132 443 5210 ger,
464 5108 679 5199 iracundae,
705 5104 963 5197 inexorabilis,
989 5128 1073 5179 ocor
1092 5109 1190 5180 lara
1212 5116 1316 5203 nepot
1338 5103 1409 5178 sibi
1431 5115 1540 5206 noto,
1561 5104 1655 5179 nibil
1676 5128 1751 5178 ιιοιι
1774 5114 1918 5201 orropm
1942 5104 2076 5175 omis:
2066 5102 2108 5145 ·“
2130 5100 2349 5177 obversatam

360 5248 447 5301 ue
461 5222 615 5324 Augusti
629 5221 801 5298 Achillem
814 5227 851 5295 et
870 5218 1009 5321 oblique
1032 5218 1077 5295 ab
1089 5245 1132 5295 eo
1147 5219 1390 5360 improbatam,
1415 5220 1473 5294 rel
1484 5218 1574 5294 bano
1595 5216 1642 5294 ob
1665 5216 1827 5300 caussam
1848 5214 1979 5291 adduci
1996 5242 2130 5321 nequeo
2142 5223 2184 5291 ut
2196 5218 2348 5317 credam,

358 5342 451 5447 quia
474 5339 675 5442 hujusmodi
700 5340 908 5442 opuseulum
923 5337 1098 5438 Principis
1114 5338 1250 5416 seriniis
1264 5362 1434 5484 umquam
1450 5337 1600 5414 exivisse
1620 5342 1658 5413 et
1672 5338 1877 5441 evulgatum
1888 5362 1972 5413 esse
1988 5362 2058 5412 ιοι
2078 5343 2133 5411 est
2145 5362 2218 5412 ιιιι
2206 5337 2347 5414 simile

431 5556 1105 5629 15J1’rareterlibroesanlrii‚rsuievm,
1125 5554 1334 5614 ermanus
1383 5555 1556 5627 'l'ragoediae
1541 5557 1729 5614 ιιιι11οιιίι
1745 5555 2080 5629 οριιιηιιιιοῆω

354 5641 952 5715 ὙάΥωΡΙρλιθΛιΙᾱιιιιιΩῑοὶι
912 5642 1139 5698 ore.tA.GLan
1140 5639 1333 5711 gilVrndieiaa
