5717 6575
530 596 604 670 148
1219 600 1275 675 IV.
1318 600 1378 671 DE
1400 600 1616 673 CAESARIS
1639 599 1841 673 AUGUSTI

526 804 610 874 aunt
631 795 861 896 epistolarum
884 791 927 869 C.
944 791 1105 869 Caesaris
1125 790 1171 867 ad
1188 791 1230 869 C.
1248 790 1406 893 Oppium
1429 800 1466 868 et
1478 793 1630 870 Balbum
1647 791 1863 887 Cornelium,
1889 788 1952 890 qui
1975 812 2033 865 res
2056 792 2135 888 ejus
2160 786 2315 863 absentis
2337 785 2524 861 curabant.

524 912 571 989 -in
607 914 664 989 bis
700 913 857 1014 epistolis
890 911 1104 1013 quibusdam
1136 912 1176 985 in
1198 911 1284 986 locis
1315 911 1538 986 inveniuntur
1561 913 1694 987 litterae
1712 908 1922 1011 singulariae
1945 908 2022 982 sine
2047 907 2262 1008 coagmentis
2288 904 2525 1000 syllabarum,

528 1056 619 1134 quas
639 1039 679 1107 tu
702 1038 809 1132 putes
834 1056 915 1107 csse
939 1032 1074 1129 positas
1099 1027 1295 1105 incondite:
1320 1054 1404 1104 nam
1427 1030 1539 1105 verba
1561 1054 1609 1105 ex
1632 1030 1675 1103 iis
1702 1028 1826 1103 litteris
1851 1024 1975 1102 confici·
1997 1027 2092 1101 nulla
2119 1032 2283 1126 possunt.
2332 1022 2423 1097 Erat
2452 1047 2525 1098 au·

526 1160 598 1226 tem
619 1157 828 1225 conventum
853 1151 945 1224 inter
968 1174 1029 1224 eos
1054 1147 1304 1223 clandestinum
1330 1146 1376 1222 de
1398 1147 1643 1223 commutando
1668 1146 1741 1222 situ
1764 1146 1978 1241 litterarum,
2003 1151 2044 1218 ut
2064 1143 2102 1218 in
2126 1144 2258 1243 scripto
2285 1140 2429 1242 qmdmn
2452 1139 2526 1214 alia

463 1360 466 1364 Ι
528 1270 619 1344 aliae
642 1272 761 1345 locum
787 1277 824 1343 et
848 1293 978 1342 nomen
1003 1274 1157 1362 teneret,
1180 1266 1304 1342 sedin
1330 1265 1478 1368 legendo
1502 1268 1603 1341 locus
1622 1267 1749 1367 maique
1773 1290 1860 1339 suus
1885 1271 1920 1337 et
1942 1269 2099 1364 potestas
2116 1262 2379 1336 restituereturs
2407 1268 2526 1359 quao-¹

525 1412 611 1462 nam
633 1412 719 1462 vero
742 1387 858 1461 littera
882 1412 950 1486 pro
974 1410 1043 1485 qua
1065 1386 1292 1479 scriberetur,
1318 1392 1401 1460 ante
1425 1386 1483 1480 iis,
1508 1386 1601 1461 sicut
1622 1385 1710 1479 dixi,
1739 1380 1995 1483 complacebat,
2028 1383 2090 1483 qui
2111 1381 2200 1455 hanc
2231 1376 2404 1455 scn'baudi
2428 1379 2524 1451 late·

525 1505 628 1582 bram
650 1505 857 1605 parabant.“
882 1501 1060 1581 Credibile
1082 1512 1148 1599 est,
1175 1504 1269 1580 bunc
1289 1505 1513 1579 secretiorem
1535 1503 1710 1578 scdbendi
1732 1501 1944 1598 modum18)
1968 1501 2014 1575 ab
2037 1503 2115 1601 ipso
2137 1500 2206 1576 Jul.
2234 1496 2387 1572 Caesare
2411 1518 2527 1570 exeo·

527 1624 680 1729 gitatum
706 1630 743 1698 ct
767 1623 883 1698 varios
906 1621 1001 1696 inter·
1022 1620 1211 1696 familiares
1236 1648 1303 1722 pro
1329 1623 1471 1698 arbitrio
1493 1623 1665 1697 variatum
1689 1644 1787 1717 esse,
1817 1644 1864 1695 ne
1887 1645 2054 1721 umquam
2076 1618 2234 1693 detectus
2257 1617 2423 1717 cuiquam
2444 1613 2527 1689 aive

528 1766 613 1819 casu
639 1743 713 1818 sive
744 1740 891 1842 perfidis
921 1739 1151 1841 cognitusque
1172 1741 1248 1814 aliis
1272 1747 1478 1816 notesceret.
1529 1739 1722 1816 Suetonius
1740 1732 1897 1840 'quiaom
1931 1737 2109 1839 expressis
2136 1736 2255 1811 verbis
2278 1732 2405 1829 tradit,
2438 1756 2526 1807 eum

527 1868 685 1964 quartam
704 1885 878 1961 quamque
894 1862 1145 1933 elementorum
1162 1859 1311 1934 litteram
1328 1859 1401 1934 situ
1423 1864 1460 1932 et
1475 1859 1616 1932 nornine
1631 1866 1868 1936 commutasse
1892 1857 2047 1957 itemque
2063 1857 2133 1931 Dio
2154 1853 2301 1931 Cassius
2316 1851 2417 1928 Libr.
2435 1849 2526 1925 xl..

528 2004 560 2055 c.
584 1984 620 2057 9.
645 1978 770 2072 refert,
796 1980 940 2053 solitum
965 2004 1046 2052 curn
1068 2002 1147 2052 csse
1168 1974 1213 2050 τὸ
1236 1975 1417 2075 τέταρτον
1442 1973 1502 2051 cisi
1532 1979 1718 2071 στοιχεῖον
1745 1972 1834 2051 ἀντὶ
1862 1981 1933 2050 τοῦ
1957 1970 2197 2069 καθήκοντος
2222 1964 2524 2073 circumprimunt

527 2094 591 2172 sed
616 2095 768 2190 Gellius,
803 2103 1052 2198 praeterquam
1084 2093 1181 2196 quod
1207 2093 1397 2171 Caesarem
1433 2093 1641 2196 quibusdam
1674 2101 1812 2168 tanturn
1845 2095 1884 2168 io
1911 2094 1998 2169 locis
2026 2093 2256 2168 familiarium
2288 2089 2525 2189 epistolarum

527 2215 633 2290 istum
657 2213 832 2289 scribendi
856 2215 1031 2290 latebram
1054 2214 1273 2314 quaesivisse
1295 2215 1362 2309 ait,
1393 2216 1479 2288 sutis
1503 2213 1608 2289 etium
1631 2205 1775 2307 indicat,
1802 2213 1893 2287 bunc
1912 2213 2108 2287 litterarum
2131 2209 2305 2286 incondite
2328 2206 2525 2308 positarum

528 2332 688 2408 ordinem
711 2329 978 2434 haudquaquam
1004 2332 1048 2406 ab
1072 2357 1117 2407 eo
1145 2338 1346 2406 constanter
1371 2330 1609 2427 observatum,
1631 2332 1752 2426 immo,
1776 2337 1884 2431 prout
1904 2331 2018 2432 ipsum
2042 2332 2136 2404 inter
2158 2337 2196 2404 et
2220 2329 2350 2402 arnicos
2377 2331 2525 2425 paetum

528 2460 642 2546 esset,
668 2452 802 2526 litteras
829 2452 903 2525 situ
933 2459 969 2525 et
992 2457 1164 2551 potestate
1186 2457 1402 2551 permutatas
1427 2475 1518 2526 esse.
1543 2446 1680 2549 Quodsi
1702 2448 1796 2523 enirn
1819 2450 1881 2523 illa
1899 2447 2074 2524 scribendi
2094 2449 2182 2523 ratio
2206 2472 2279 2521 una
2301 2454 2339 2520 et
2360 2449 2525 2520 constans

509 2567 677 2666 fuisset,
704 2578 774 2669 qua
796 2570 902 2645 semel
928 2569 1066 2669 cognita
1092 2576 1129 2644 et
1151 2575 1335 2670 perspecta
1358 2564 1517 2643 omnium
1539 2568 1764 2669 epistolarum
1788 2570 1864 2643 loca
1880 2567 2014 2642 arcanis
2037 2573 2184 2641 exarata
2205 2563 2389 2639 elementis
2415 2568 2524 2661 pata·

528 2695 630 2782 rent,
648 2713 721 2762 non
746 2696 898 2787 exputo,
926 2685 1011 2788 quid
1033 2712 1163 2787 operoc
1195 2686 1335 2762 inistis
1366 2686 1597 2787 expediendis
1625 2712 1830 2761 consumere
1859 2686 2031 2786 potuisset
2059 2683 2217 2759 emditus
2247 2681 2522 2760 Grammaticus.

436 2812 441 2822 '
524 2808 578 2883 Ἀ.
598 2804 734 2882 Gellius
755 2807 850 2881 enirn
878 2808 904 2882 l.
926 2831 956 2880 o.
980 2802 1114 2907 adjicit:
1140 2805 1232 2902 „Est
1258 2804 1347 2880 adeo
1371 2806 1478 2881 Probi
1502 2804 1730 2882 Grammatioi
1751 2804 1933 2906 cujusdam
1957 2804 2226 2880 commentarius
2251 2803 2338 2877 satis
2359 2799 2522 2874 mrioaus

531 2923 649 2998 factus
663 2931 720 2999 De
744 2931 883 3000 occulta
901 2931 1108 3000 litterarum
1133 2926 1399 3027 eipuificutione
1415 2932 1651 3022 epistolarum
1668 2931 1704 3002 C.
1723 2931 1890 3001 Caesaris
1914 2925 2174 3021 scripturarm.“
2186 2922 2237 3017 19)
2288 2918 2382 2994 Cum
2401 2922 2522 2991 autem

533 3040 666 3117 Caesar
691 3041 730 3114 in
750 3041 819 3116 illis
845 3041 1000 3142 epistolis
1020 3041 1263 3117 secretioribus
1288 3042 1483 3117 litterarum
1506 3043 1685 3118 elementis
1707 3041 1785 3116 aliis
1798 3042 1905 3116 aliurn
1923 3044 2043 3116 locum
2068 3047 2104 3115 et
2121 3044 2332 3140 potestatem
2347 3060 2397 3111 ex
2419 3058 2522 3110 corn·

533 3165 635 3260 pacto
658 3157 859 3257 tribuisset,
884 3156 1144 3236 Grammaticus
1169 3159 1287 3261 utique
1310 3161 1466 3256 invenit,
1489 3186 1558 3262 quo
1581 3160 1713 3263 ingenii
1735 3185 1881 3236 acumen
1901 3166 2087 3235 exerceret
2113 3158 2377 3259 doctrinamque
2400 3159 2523 3229 osten·

534 3275 647 3355 derct.
697 3275 883 3380 Caeterum
906 3276 945 3352 id
970 3276 1064 3380 quod
1086 3275 1197 3378 pmbc
1212 3276 1462 3356 advertendum
1487 3286 1557 3376 est,
1581 3279 1722 3354 Probus
1744 3279 1803 3353 ille
1822 3277 1869 3354 de
1885 3281 2021 3354 occulta
2039 3285 2269 3373 litterarum,
2300 3296 2523 3376 nequaquam

534 3411 708 3476 notarum
731 3395 985 3499 significatione
1016 3396 1061 3472 C.
1086 3396 1249 3474 Caesada
1279 3398 1433 3498 scripsit.
1482 3399 1575 3473 ilinc
1603 3404 1755 3498 apparet
1783 3396 1828 3474 de
1857 3399 1951 3473 notis
1984 3395 2197 3499 quibusdam
2224 3393 2523 3498 tacbygrapbiu's,

534 3508 699 3613 σημείοις
721 3516 867 3614 proprie
889 3515 943 3590 sic
965 3511 1085 3611 dictis,
1109 3512 1206 3591 nulio
1230 3524 1334 3616 pacto
1357 3541 1465 3618 posse
1490 3516 1652 3619 cogitari,
1673 3513 1959 3607 licetSuetonius
1980 3541 2069 3593 usus
2091 3518 2143 3592 sit
2164 3516 2339 3592 locutione
2360 3542 2438 3614 per-
2455 3541 2524 3592 ssc-

534 3647 596 3710 ται
620 3634 787 3726 scribere,
813 3627 880 3708 aad
905 3629 1070 3730 σημείων
1087 3629 1271 3736 γράφειν,
1297 3638 1487 3732 σημειοῦν.
1500 3634 1553 3727 ²⁰)
1602 3633 1645 3709 Id
1656 3634 1738 3710 ..etsi
1762 3640 2068 3732 καταχρηστικῶς
2090 3635 2242 3731 factum,
2267 3633 2348 3737 quia
2372 3633 2524 3726 litterae,

535 3751 699 3853 quamvis
721 3749 977 3850 transpositae,
1001 3777 1075 3829 non
1094 3762 1178 3829 sunt
1201 3760 1327 3852 notae,
1352 3759 1474 3829 tamen
1497 3779 1541 3829 eo
1562 3752 1673 3829 tutius
1697 3752 1815 3828 facero
1839 3760 1995 3854 poterat,
2016 3779 2098 3829 cum
2128 3754 2264 3829 litterae
2285 3753 2388 3850 illae,
2422 3750 2523 3853 abja·

534 3876 592 3945 cta
613 3871 710 3946 velut
730 3869 905 3945 natinari
928 3877 964 3946 et
985 3879 1176 3972 potestate,
1198 3873 1400 3973 dejectione
1423 3879 1461 3948 et
1486 3871 1757 3947 commutatione
1780 3871 1961 3974 signorum
1982 3871 2058 3948 sira
2089 3872 2260 3975 aiglorum
2289 3868 2523 3972 quorumdam

532 3989 707 4064 rationem
733 3995 769 4063 et
787 3995 950 4065 naturam
971 3996 1192 4068 ossurncrcnt
1214 4015 1410 4091 eorumque
1433 3991 1569 4067 vicibus
1593 3990 1812 4066 imerrirent.
1843 3989 2031 4067 Caeterum
2055 3989 2244 4068 Suetonius
2266 3989 2389 4065 babuit
2413 4011 2522 4090 quem

532 4105 572 4181 in
593 4107 660 4183 bac
682 4108 777 4183 vocis
799 4103 1028 4204 καταχρήσει
1046 4114 1262 4211 sequeretur.
1311 4109 1388 4185 llas
1412 4108 1509 4185 enirn
1531 4110 1665 4184 litterm
1690 4133 1740 4184 ex
1763 4115 1869 4209 poeto
1892 4113 2054 4210 trajectas
2081 4111 2161 4211 ipse
2184 4111 2372 4213 Augustus
2395 4107 2523 4210 appel-

602 4356 653 4428 la)
674 4357 782 4414 Eximio
797 4358 928 4413 falluntur
951 4358 999 4428 qni
1019 4372 1080 4414 cum
1102 4360 1157 4416 lul.
1181 4360 1307 4416 Caesaris
1332 4366 1361 4417 et
1382 4361 1502 4430 Augusti
1552 4360 1626 4416 xisas
1648 4360 1715 4416 dicit
1737 4362 1818 4434 G.‚l.
1840 4361 1953 4418 Vossius
1973 4362 2008 4416 de
2030 4363 2098 4418 Arte
2120 4363 2170 4418 Gr.
2196 4362 2274 4424 nior.
2297 4364 2320 4420 l.
2342 4381 2366 4424 a.
2393 4363 2521 4422 AM

534 4441 640 4502 tatione
656 4442 794 4499 scribendi
810 4447 968 4513 comparant
983 4447 1113 4498 acernus
1128 4447 1230 4514 notas,
1246 4445 1341 4515 quibus
1354 4447 1502 4515 Hannibal,
1552 4462 1580 4516 p.
1597 4445 1640 4504 1³.
1657 4446 1692 4501 F.
1725 4448 1752 4500 ls
1770 4463 1844 4515 cum,
1867 4451 1898 4502 nt
1914 4446 2059 4502 Suetonius
2081 4445 2134 4517 ait,
2155 4446 2236 4502 nimis
2258 4463 2346 4519 pauca
2369 4454 2397 4503 at
2421 4448 2545 4518 exigas¹

533 4527 661 4587 Antiochi
684 4527 795 4598 hospes,
814 4527 967 4583 Aristonem
990 4527 1107 4595 Tyrium
1127 4528 1287 4585 instructam
1310 4529 1503 4599 Carthaginem
1552 4531 1588 4584 de
1608 4530 1768 4600 quibusdam
1792 4529 1900 4584 minutis
1924 4530 2130 4601 quaestiunculis
2153 4530 2286 4599 ediderit,
2314 4529 2388 4586 baud
2416 4531 2521 4588 ineam·

535 4613 641 4669 misisse
658 4613 756 4667 dicitnr
778 4617 849 4667 auct.
870 4612 950 4668 Lirio
971 4613 1047 4667 Libr.
1071 4612 1192 4669 XXXIV.
1216 4629 1240 4668 o.
1255 4614 1302 4696 ql.
1335 4616 1400 4669 Illas
1423 4621 1503 4668 notas
1552 4615 1632 4668 mode
1649 4613 1796 4668 existimari
1813 4619 1903 4685 potest
1919 4615 1954 4670 da
1973 4617 2028 4674 lul.
2050 4615 2177 4672 Caesaris
2198 4615 2417 4688 Cryptogrmbiu
2438 4619 2520 4672 Com·

537 4701 655 4752 secretas
672 4695 850 4751 Casanbonus
872 4698 908 4750 ad
923 4696 1043 4751 Aeneam
1065 4697 1145 4751 'l'act
1167 4713 1191 4754 c.
1208 4700 1235 4754 3.
1257 4698 1375 4767 captiosa
1396 4691 1504 4764 συνθῆ-
1552 4697 1711 4752 monterium
1728 4699 1919 4767 composuisse.
1952 4701 2051 4754 Errant
2067 4700 2253 4770 vehementer,
2274 4701 2320 4771 qni
2341 4717 2403 4756 eum
2424 4699 2521 4758 hodie·

534 4795 611 4850 μαια
627 4778 676 4831 aul
691 4773 862 4848 γράμμαιαι
879 4779 1003 4836 limatius
1019 4780 1055 4834 ad
1071 4780 1163 4839 Valet.
1178 4782 1264 4836 Probi
1280 4782 1314 4836 da
1329 4781 1410 4836 Notis
1422 4781 1502 4837 Rom.
1552 4797 1603 4850 qne
1628 4787 1736 4835 exstare
1758 4784 1901 4852 opinentur
1930 4785 2002 4854 apud
2025 4784 2181 4839 Putscbium
2209 4803 2237 4855 p.
2252 4784 2358 4851 .1ess.,
2387 4791 2433 4857 nt,
2458 4795 2521 4858 post

535 4882 560 4921 c.
580 4866 609 4920 1.
624 4863 725 4931 cogitat
741 4863 776 4917 de
793 4865 897 4918 occulte
918 4864 1034 4933 quadam
1055 4880 1105 4934 per
1128 4871 1206 4920 notas
1227 4864 1365 4920 sonbendi
1385 4865 1501 4932 ratione,
1550 4866 1730 4936 DaosqneJ‘om
1747 4867 1782 4920 de
1799 4866 1926 4934 otthogr.
1949 4869 2037 4923 Serm.
2057 4870 2119 4924 Lat.
2141 4871 2177 4926 T.
2194 4871 2217 4927 1.
2237 4869 2382 4932 Auimsdr.
2403 4889 2433 4942 p.
2450 4873 2519 4940 1a1.

536 4949 572 5005 de
593 4945 818 5018 cryptographiae
839 4961 939 5013 genere
962 4949 1088 5017 quodam.
1120 4949 1157 5004 At
1177 4953 1316 5018 utramque
1339 4948 1502 5018 explicatio·
1550 4951 1634 5015 longe
1650 4949 1773 5005 subtilius
1790 4951 1881 5006 docuit
1895 4954 1943 5006 Fr.
1961 4953 2055 5023 Osann
2070 4952 2100 5008 in
2116 4955 2208 5009 Beitr.
2224 4967 2255 5010 z.
2270 4954 2323 5010 Cr.
2345 4970 2373 5010 aa.
2387 4955 2424 5013 li.
2441 4957 2519 5012 ure·

535 5048 598 5088 nam
620 5047 657 5087 ex
678 5030 739 5100 ipso
759 5029 837 5086 Livio
862 5035 1021 5100 attestante,
1048 5030 1115 5086 rriiril
1141 5033 1291 5088 litterarum
1317 5033 1439 5088 Aristoni
1466 5034 1501 5088 ab
1551 5037 1666 5100 ναειαρ.
1682 5035 1718 5090 Τ.
1735 5036 1757 5090 l.
1774 5052 1802 5105 p.
1817 5037 1878 5091 aaa

536 5116 690 5174 Hannibale
710 5115 803 5170 datum
832 5131 908 5184 esse,
930 5113 1032 5169 refellit
1056 5116 1189 5172 Dukerus.
1222 5117 1318 5187 Neque
1343 5123 1431 5173 tamen
1452 5133 1503 5172 sus
1618 5150 1666 5217 ω)

535 5198 759 5270 interpretatione
774 5197 841 5253 mibi
855 5197 916 5269 ipse
932 5198 1063 5253 satisfacit
1077 5201 1211 5269 potiorem
1232 5201 1396 5257 existimanti
1417 5201 1503 5258 ratio-

536 5301 599 5340 Μ
614 5284 757 5351 ”mimi
772 5282 851 5338 “¹¹⁰⁰
868 5281 1011 5351 mim&
1028 5284 1063 5337 δ’
1078 5284 1189 5339 ‘mi'
1210 5285 1385 5356 quibmdm’
1407 5285 1503 5358 ‘faihu'
1551 5336 1643 5388 ματαε
1660 5319 1716 5374 vid.
1733 5321 1930 5377 Valckenarius
1947 5324 1983 5376 ad
1999 5323 2121 5378 Ammon.
2137 5324 2214 5378 Libr.
2231 5327 2254 5382 l.
2270 5342 2296 5382 e.
2308 5328 2353 5384 19.
2370 5345 2398 5397 p.
2411 5328 2449 5384 19
2460 5346 2516 5401 sqq.

538 5368 650 5437 ‘nimiu'
666 5368 790 5424 5⁸⁰⁶⁰ni¹
807 5366 875 5424 '⁰⁰¹³
890 5366 1115 5426 mmmm·
1255 5393 1258 5398 ’
1551 5404 1597 5460 sd.
1612 5405 1688 5474 Lips.
1713 5408 1755 5461 Ao
1771 5408 1991 5476 quemadmodum
2006 5407 2060 5462 Dio
2077 5407 2156 5464 Cass.
2171 5409 2247 5482 libr.
2257 5411 2317 5468 LV.
2333 5427 2361 5467 e.
2373 5412 2401 5473 l.
2418 5417 2516 5484 σημεῖι

606 5484 654 5554 19)
669 5487 750 5541 Hsud
766 5486 851 5541 dubie
864 5484 1057 5554 intelligendus
1072 5488 1112 5542 ii.
1132 5488 1265 5542 Valerius
1280 5489 1407 5558 Probus,
1423 5503 1502 5558 quem
1551 5483 1743 5558 γραμμάτων,
1764 5490 1805 5546 sio
1825 5491 2170 5562 immortaliora
2188 5509 2214 5553 a.
2229 5495 2274 5558 Al.
2293 5499 2383 5553 sosas
2400 5498 2516 5558 atara

539 5586 558 5624 s
573 5569 704 5627 Suetonio
721 5571 748 5630 d.
766 5566 809 5628 ut.
826 5570 920 5630 Crem.
937 5588 962 5628 s.
978 5570 1022 5628 al.
1039 5577 1212 5629 memoratum
1228 5572 1347 5630 Neronis
1369 5588 1438 5630 saro
1460 5567 1504 5628 ri·
1551 5586 1619 5629 raras
1633 5572 1750 5645 scripsit.
2535 5619 2538 5630 .

1683 5151 1729 5207 Sic
1745 5169 1851 5223 quoqne
1867 5156 1977 5214 Sueton.
1994 5170 2019 5211 o.
2030 5155 2074 5210 59.
2092 5132 2256 5211 utram
2270 5159 2401 5214 manen
2416 5165 2448 5217 et
2464 5165 2518 5218 els-

1551 5240 1709 5289 ssestonuss
1724 5237 1853 5291 tinorum
1870 5238 1949 5306 dicit,
1965 5243 1996 5293 ut
2012 5239 2111 5295 Graeci
2132 5236 2167 5292 aa
2187 5239 2244 5294 aas
2265 5243 2412 5310 στοιχείων
2430 5241 2517 5317 γρᾶμ-
