5717 6575
505 620 555 698 68
1042 697 1044 703 Ι
1177 613 1242 682 ..ll
1284 613 1343 682 DE
1372 612 1585 683 CAESARIS
1607 613 1802 683 AUGUSTI

507 848 648 899 (onnon
670 818 755 895 illud
782 820 1004 919 complexum
1030 842 1110 894 esse
1131 816 1402 922 descriptionem
1427 819 1568 897 Siciliae
1595 820 1731 896 insulae
1754 826 1792 895 et
1813 843 1959 916 conam,
1992 832 2085 921 quae
2103 812 2250 895 haberet
2272 815 2504 924 miraculosa,

506 945 542 1018 io
562 943 616 1018 bis
640 941 808 1035 Aetnam,
832 939 1038 1012 sollemnem
1060 939 1223 1015 omnibus
1248 939 1365 1040 poetis
1389 941 1523 1035 locum,
1545 946 1586 1019 ut
1609 946 1705 1015 recte
1728 946 1847 1014 monet
1865 937 2104 1016 Casaubonus.
2153 936 2258 1015 Idem
2282 945 2402 1012 tamen
2437 918 2507 1010 Vir

409 1079 416 1094 '
505 1066 640 1141 Doctus
664 1085 708 1158 ca
731 1057 776 1132 de
797 1083 837 1132 re
858 1057 944 1135 mihi
970 1054 1112 1133 videtur
1133 1084 1205 1133 noo
1230 1058 1360 1157 injuria
1383 1056 1580 1154 dubitasse,
1606 1067 1789 1158 permotus
1810 1061 1888 1134 loco
1902 1057 2057 1135 Senecae
2082 1056 2197 1158 Epist.
2214 1055 2394 1133 LXXIX·
2418 1057 2506 1146 §.4-

506 1187 582 1259 ct
565 1212 600 1259 a.
652 1152 793 1255 Seneca
815 1177 911 1251 enim
942 1175 1119 1250 Lucilium
1135 1176 1314 1254 iuniorem
1339 1182 1465 1276 rogat,
1492 1177 1566 1250 ut
1555 1202 1592 1252 m
1614 1176 1847 1279 descriptione
1870 1176 2024 1274 Aetnae,
2050 1201 2155 1278 quam
2177 1177 2276 1251 velut
2302 1171 2507 1277 epiaodium

505 1299 719 1402 majoriano
746 1297 790 1371 de
814 1296 937 1372 Sicilia
962 1297 1105 1370 carmini
1126 1296 1287 1370 inserere
1310 1296 1461 1396 cogitet,
1484 1296 1664 1373 nomimis
1692 1295 1853 1372 modeste
1878 1295 1924 1371 de
1947 1321 1987 1370 se
2010 1291 2375 1395 sentiensdespe'ret,
2400 1293 2507 1394 prio·

505 1448 563 1497 res
588 1427 736 1518 Jro'c‘tas,
764 1403 885 1517 quiin
911 1441 954 1491 co
980 1423 1097 1488 monte
1121 1413 1353 1489 describendo
1381 1415 1511 1488 versati
1538 1422 1668 1511 essent,
1692 1441 1714 1489 a
1739 1441 1779 1490 se
1803 1415 1897 1491 vinci
1919 1440 2035 1516 posse,
2057 1416 2090 1489 si
2112 1412 2253 1515 quidem
2275 1413 2380 1487 etiarn
2406 1411 2506 1489 Uor-

505 1541 619 1616 rrelius
642 1537 798 1613 Severus
823 1559 937 1635 neque
952 1539 983 1606 ‘a
1007 1530 1157 1633 Virgilio
1183 1558 1298 1635 neque
1322 1533 1367 1608 alr
1390 1530 1522 1610 ovidio
1544 1531 1711 1607 deterreri
1734 1559 1774 1608 se
1797 1559 1927 1634 passus
1947 1533 2090 1629 luisset,
2123 1559 2195 1635 quo
2218 1533 2334 1617 minus
2358 1532 2399 1607 in
2419 1556 2507 1606 ear·

506 1663 599 1735 rrriue
623 1682 689 1731 suo
716 1654 761 1729 de
786 1655 885 1728 bello
909 1652 1030 1729 Siculo
1061 1653 1156 1726 illius
1193 1653 1320 1728 montis
1357 1650 1626 1750 descriptionem
1656 1650 1858 1731 includeret.
1875 1653 1911 1751 ²)
1961 1652 2224 1741 lam-Senecae
2249 1652 2426 1729 silentium
2451 1650 2502 1726 do

504 1780 649 1871 Sicilia,
682 1773 836 1875 Augusti
868 1769 1051 1872 poemate,
1087 1769 1153 1845 lrac
1184 1771 1221 1846 in
1252 1779 1375 1853 caussa
1406 1771 1529 1870 ulique
1561 1769 1656 1845 haud
1695 1772 1865 1873 exiguum
1890 1770 1997 1847 habet
2021 1779 2250 1847 momentum.
2300 1769 2382 1848 Non
2404 1771 2506 1847 enim

505 1896 684 2001 probabile
717 1899 792 1986 cst,
827 1890 1001 1968 Senecam
1022 1891 1209 1965 tacitorum
1231 1889 1363 1988 luisse,
1398 1891 1429 1965 si
1455 1889 1552 1965 idem
1576 1888 1621 1965 de
1640 1891 1757 1965 Aetna
1778 1894 1898 1986 locus,
1922 1890 2007 1992 .qui
2027 1892 2065 1966 in
2095 1890 2242 1968 Siciliae
2265 1888 2505 1990 descriptione

422 2036 429 2049 ·
505 2015 690 2119 praeteriri
712 2035 826 2111 neque
849 2016 974 2109 posset
998 2034 1113 2109 neque
1134 2007 1295 2105 deberet,
1338 2010 1443 2083 ctiam
1468 2008 1513 2084 ab
1538 2009 1699 2111 Augusto
1725 2016 1891 2083 tractatus
1915 2007 2053 2085 luisset.
2104 2007 2275 2106 Accedit,
2307 2007 2403 2109 quod
2424 2034 2504 2087 non

504 2137 588 2212 satis
613 2133 739 2207 idonea
762 2129 955 2230 excogitari
980 2135 1098 2228 potest
1122 2129 1231 2224 ratio,
1272 2154 1341 2229 qua
1366 2129 1466 2202 illum
1484 2128 1690 2229 ‘Principem
1713 2127 1908 2228 impulsum
1932 2152 2011 2203 esse
2034 2134 2220 2229 putemus,
2253 2135 2294 2201 ut
2315 2125 2360 2201 de
2385 2153 2503 2228 argu·

503 2263 623 2331 mcnto
659 2247 914 2351 geographico,
950 2246 1109 2347 quamvis
1133 2245 1242 2321 ubcrc
1266 2273 1308 2322 ac
1329 2245 1510 2348 jucundo,
1547 2271 1691 2323 earrrren
1717 2253 1942 2347 componeret
1976 2246 2082 2348 idque
2105 2248 2143 2321 in
2162 2250 2294 2349 'vulgus
2315 2246 2501 2344 emitteret,

458 2426 461 2433 -
503 2371 712 2478 pracsertim
733 2393 814 2477 corp
833 2365 931 2440 illud'
944 2363 990 2440 de
1012 2375 1108 2463 terra
1131 2374 1277 2466 ageret,
1312 2367 1348 2440 in
1376 2390 1446 2471 qua
1469 2367 1588 2466 ipsrun
1611 2366 1770 2441 Fortrma
1790 2368 1912 2467 plures
1937 2391 2003 2470 ppr
2028 2390 2139 2441 annos
2161 2367 2280 2442 multis
2304 2362 2502 2463 laboribus,

506 2489 711 2595 ignominiis
738 2491 775 2561 et
798 2483 954 2560 cladibus
980 2494 1200 2581 exercuerat.
1251 2483 1480 2586 Quapropter
1517 2483 1644 2559 adduci
1668 2510 1825 2587 nequeo,
1849 2491 1888 2558 ut
1909 2496 2037 2585 poema
2060 2484 2155 2559 istud
2177 2511 2250 2560 non
2271 2484 2340 2561 nisi
2360 2481 2503 2579 descri-
2550 2491 2559 2504 “

503 2614 661 2714 ptioncru
685 2606 826 2682 Siciliae
848 2604 985 2677 insulae
1006 2611 1040 2678 et
1063 2598 1209 2699 eorum,
1234 2629 1327 2703 quae
1351 2603 1498 2679 haberet
1523 2606 1751 2700 miraculosa,
1777 2607 2001 2706 complexum
2025 2629 2106 2679 csse
2129 2601 2288 2700 credam,
2310 2603 2519 2681 nisi-sorte.

504 2727 676 2831 suspicari
697 2728 828 2827 placet,
851 2723 918 2797 lroc
938 2721 1050 2797 fuisse
1072 2749 1119 2799 ex
1145 2749 1188 2797 eo
1213 2748 1342 2824 genere
1367 2723 1571 2821 carnrrinum,
1598 2749 1688 2824 quae
1712 2722 1916 2824 Augustus,
1939 2729 2101 2798 veterum
2127 2724 2293 2824 exempla
2316 2731 2501 2801 oratorum

503 2859 664 2943 secutus,
689 2843 734 2918 ad
759 2840 943 2933 dictionem
966 2843 1057 2938 stylo
1082 2841 1299 2915 lorrrraodam
1323 2867 1370 2914 cx
1396 2842 1534 2917 Graeco
1560 2842 1678 2954 aliquo
1711 2842 1875 2916 carminis
1899 2841 2115 2943 cognominis
2143 2842 2339 2942 exemplari
2357 2842 2396 2916 in
2420 2842 2502 2919 La-

431 3013 435 3027 ·
503 2972 618 3051 tinum
643 2964 892 3040 transtulisset.
910 2960 944 3058 3)
995 2962 1047 3034 At
1070 2958 1152 3035 lruic
1173 2961 1366 3099 suspicioni
1388 2985 1470 3035 cum
1493 2959 1563 3034 alia
1586 2963 1819 3062 refragantur,
1845 2960 1953 3035 tum'
1941 2960 2118 3060 mprimis,
2146 2960 2243 3062 quod
2267 2958 2370 3037 valde
2387 2961 2500 3038 dubi-

369 3139 371 3143 .
502 3087 652 3166 tandum
675 3089 752 3178 cst,
787 3106 874 3156 num
894 3082 966 3153 tale
996 3081 1211 3153 nontam
1199 3081 1334 3183 mgenii
1364 3079 1494 3180 poetici
1515 3077 1756 3154 rudimentum
1788 3103 1895 3181 quam
1924 3104 2062 3154 merum
2092 3077 2289 3158 industriae
2309 3082 2499 3223 specimen

502 3212 688 3311 Augustus
719 3225 786 3277 suo
819 3223 988 3301 umquam
1025 3199 1165 3273 nominc
1191 3192 1361 3274 editurus
1371 3199 1511 3275 fuisset.
1561 3199 1688 3301 Neque
1719 3200 1825 3274 ctiam
1856 3195 2021 3275 credibile
2053 3207 2129 3298 est,
2163 3199 2396 3300 Suetonium,
2435 3201 2500 3279 cui

508 3324 595 3405 illud
618 3320 667 3403 ad
698 3345 825 3396 ananus
851 3326 966 3415 esset,
1000 3318 1244 3419 hujuscemodi
1275 3321 1484 3421 opusculum
1505 3319 1660 3420 Principi
1684 3320 1735 3394 illi
1758 3317 2018 3419 adscripturum
2042 3319 2154 3396 luisse
2178 3327 2356 3423 tamquam
2379 3346 2497 3421 pecu·

501 3449 589 3524 liare
609 3467 650 3519 ac
670 3439 856 3542 proprium
879 3461 1037 3534 carmen,
1077 3463 1147 3538 quo
1171 3449 1381 3538 appareret,
1419 3439 1519 3514 illum
1539 3438 1717 3513 Possum
1750 3437 1952 3513 summatim
1974 3438 2148 3540 attigisse.
2191 3433 2294 3516 llaec
2316 3441 2499 3540 reputanti

478 3683 585 3788 mdc
607 3682 651 3757 ab
677 3705 710 3756 a.
740 3678 784 3753 U.
810 3674 851 3766 U.
877 3680 966 3752 712.
992 3702 1023 3752 a.
1049 3680 1112 3752 42.
1138 3675 1322 3777 usquead
1352 3701 1386 3756 a
1410 3677 1457 3754 U.
1483 3677 1526 3753 G.
1552 3681 1641 3755 718.
1667 3702 1696 3751 s.
1725 3633 1878 3776 3601)(ε
1903 3676 2086 3752 intervalla
2109 3685 2146 3753 et
2178 3677 2318 3779 ¹ancipiti
2347 3675 2496 3757 foruna

500 3812 661 3907 gestum,
686 3799 785 3897 cujus
805 3794 996 3895 praecipua
1019 3792 1124 3869 sedes
1148 3794 1268 3872 Sicilia
1288 3793 1417 3872 tuerat.
1468 3795 1547 3873 lam
1569 3793 1698 3897 quod
1685 3821 1725 3870 m
1748 3795 1896 3870 cacteris
1920 3793 2075 3897 Augusti
2099 3795 2241 3896 scriptis
2266 3802 2414 3872 tentum
2419 3823 2498 3876 non

501 3923 664 4008 mrrnibus
687 3909 963 4008 observabimus,
990 3939 1032 3988 ea
1056 3922 1203 3988 exarata
1225 3912 1337 3989 rideri
1361 3913 1405 3989 ab
1428 3940 1471 3989 co
1495 3917 1557 3991 et
1546 3942 1583 3989 ιιι
1603 3918 1720 3990 lucem
1741 3913 1894 4015 prodita,
1917 3922 1959 3989 ut
1973 3940 2059 3990 suae
2084 3899 2310 4034 potissimum
2322 3915 2418 3991 vitae
2433 3941 2496 3995 raes

501 4051 539 4118 ct
563 4034 715 4116 ration‘es
743 4059 825 4118 cum
847 4032 1047 4133 aequalibus
1074 4029 1347 4107 couununicarct
1367 4032 1511 4133 illisque
1544 4039 1766 4135 quocumque
1794 4041 1916 4133 posset
1941 4031 2046 4108 modo
2071 4036 2251 4109 exornatis
2277 4059 2367 4110 snae
2392 4034 2496 4137 apud

500 4167 665 4260 posteros
688 4155 805 4228 famae
827 4153 1043 4246 consuleret,
1082 4148 1120 4223 id
1150 4151 1288 4225 etiarn
1275 4176 1314 4226 m
1348 4150 1415 4225 lroc
1442 4158 1605 4253 poemate
1638 4152 1826 4227 scribendo
1849 4153 2070 4254 propositum
2093 4154 2159 4230 sibi
2180 4153 2367 4252 habuisse,
2401 4157 2495 4232 milri

500 4300 712 4378 persuasum
730 4279 796 4347 est.
846 4268 929 4346 Non
953 4265 1198 4344 desuemmt
1166 4293 1201 4343 er
1222 4295 1370 4345 caussae
1393 4269 1601 4347 admodum
1605 4296 1731 4373 graves
1743 4324 1758 4366 ,
1789 4279 1829 4346 ut
1851 4274 2107 4371 praecaeteris
2127 4275 2195 4350 hoc
2218 4272 2350 4349 bellurn
2371 4276 2495 4352 verui-

498 4398 569 4474 bus
591 4388 841 4495 exponendum
857 4394 1026 4464 sumeret.
1075 4385 1168 4464 Nom
1192 4389 1302 4484 sicut,
1333 4396 1421 4464 teste
1447 4388 1667 4466 Suetonioc.
1695 4395 1778 4487 16
1815 4390 1855 4466 in
1874 4393 1971 4467 nullo
1998 4393 2066 4466 alio
2090 4392 2181 4467 bello
2207 4418 2274 4468 nec
2295 4394 2400 4494 plura
2423 4419 2494 4472 neo

498 4518 633 4615 majora
654 4507 789 4587 adierat
813 4508 991 4610 pericula,
1022 4506 1074 4581 ita
1099 4507 1207 4581 etiam
1225 4533 1299 4582 non
1321 4507 1427 4582 facilc
1449 4510 1536 4585 alias
1561 4509 1720 4609 turpiora
1747 4510 1941 4585 subierat
1927 4511 2089 4612 rgnaviae
2117 4519 2154 4586 et
2174 4510 2357 4587 vecordiae
2378 4508 2495 4593 (locle-

499 4659 602 4727 oora,
628 4655 717 4733 quae
742 4629 819 4705 sine
840 4626 949 4702 dubio
975 4631 1045 4700 nbn
1068 4628 1134 4701 soli
1157 4626 1209 4703 M.
1237 4626 1407 4722 Antonio,
1429 4636 1471 4702 ut
1492 4629 1685 4707 Suetonius
1707 4655 1747 4704 re
1748 4628 1836 4724 lert,
1868 4627 2035 4705 irridendi
2061 4639 2096 4705 et
2115 4627 2356 4731 exprobrandi
2376 4643 2496 4712 mate·

429 4851 433 4860 Ι
497 4755 590 4831 n'sm
615 4748 860 4850 praebuerant.
910 4746 1030 4846 ltaque
1052 4770 1075 4817 a
1098 4770 1181 4820 vero
1206 4746 1346 4859 minime
1364 4747 1550 4843 ublrorret,
1586 4774 1668 4823 eum
1688 4748 1728 4822 in
1754 4745 1978 4823 describendo
2003 4749 2065 4822 illo
2088 4749 2178 4825 bello
2199 4748 2495 4851 idpotissimnrn
2575 4771 2587 4790 ·

498 4879 701 4974 spectasse,
732 4875 772 4940 ut
794 4891 834 4940 se
859 4870 1029 4966 purgaret
1051 4873 1154 4965 atque
1183 4865 1414 4966 ignominiosa
1440 4867 1620 4941 hominum
1646 4863 1692 4941 de
1717 4891 1756 4941 se
1774 4866 1909 4966 judicia
1934 4868 2142 4945 confutaret.
2192 4868 2235 4943 ld
2263 4895 2331 4971 quo
2360 4875 2493 4949 tectius

479 5004 485 5012 .
564 5040 595 5109 2)
617 5040 660 5093 De
684 5034 806 5090 Cornelio
829 5032 925 5085 Seuero
946 5032 1055 5101 ejusque
1076 5033 1154 5086 Bello
1177 5032 1283 5101 Siculo,
1310 5034 1382 5102 quod
1407 5040 1470 5105 post
1518 5001 1668 5105 exemplum
1684 5039 1829 5105 praeeunte
1846 5041 1875 5089 et
1890 5038 2100 5106 commendante,
2117 5037 2495 5109 etiamadpodtasanraa-

496 5126 586 5190 salitas
605 5119 699 5179 Ovidii
720 5116 949 5188 Metamorphoses
971 5116 998 5173 lr.
1022 5133 1047 5170 a.
1067 5122 1130 5187 post
1146 5134 1171 5173 a.
1192 5119 1226 5171 U·
1245 5119 1276 5173 C.
1292 5119 1352 5175 762.
1368 5133 1391 5174 s.
1407 5125 1470 5190 post
1517 5136 1624 5188 corum,
1639 5120 1761 5190 inprimis
1776 5120 2018 5174 Alexandrinorum
2040 5120 2088 5191 qni
2103 5116 2326 5193 dicunmr'opers
2342 5126 2495 5182 mamere·

497 5211 564 5282 Qhr.
578 5211 606 5267 s.
621 5206 749 5276 scriptum
771 5217 844 5271 esse,
866 5201 986 5256 Senecae
1006 5200 1184 5257 testimonium
1204 5202 1315 5272 evincit,
1339 5203 1418 5257 docte
1441 5209 1470 5259 et
1516 5204 1622 5258 bantur·
1656 5208 1715 5260 lam
1730 5204 1895 5259 Nicandrum
1907 5204 2104 5275 Colophonium
2119 5207 2365 5267 carmentraetlsc
2380 5212 2495 5271 nomina

496 5293 607 5367 copim
629 5290 687 5360 egit
701 5287 895 5345 Wernsdorsrus
914 5286 946 5340 P.
963 5288 996 5340 1..
1012 5286 1050 5341 Μ.
1068 5286 1146 5341 'lona
1162 5288 1207 5343 lv.
1223 5289 1255 5343 P.
1272 5289 1297 5343 l.
1314 5305 1341 5357 p·
1358 5288 1392 5342 25
1410 5304 1469 5359 sqq.
1517 5288 1656 5358 scripsisse
1671 5288 1809 5358 nummus,
1830 5288 1905 5356 cnjus
1920 5289 2019 5343 librum
2035 5290 2166 5345 decimum
2186 5291 2253 5347 citat
2267 5290 2422 5364 Stephanus
2438 5297 2496 5365 ny·

564 5378 595 5447 8)
610 5377 724 5434 Vertere
747 5374 855 5428 Graece
881 5371 911 5425 iu
932 5371 1057 5424 Latinum
1079 5376 1185 5425 veteres
1208 5373 1323 5427 Romani
1345 5378 1468 5427 oratores
1516 5374 1621 5428 zaofins
1638 5391 1659 5427 s.
1676 5390 1702 5429 a.
1719 5369 1841 5442 Zriyalq,
1858 5379 1886 5447 et
1901 5374 1976 5441 cujas
1992 5375 2144 5442 fragments
2159 5377 2272 5445 collegit
2285 5379 2310 5433 J.
2328 5379 2494 5438 &Senna-

497 5463 625 5536 quinium
642 5459 821 5528 indicabant,
834 5451 866 5512 ut
886 5453 926 5510 ait
946 5452 1125 5512 Quintilianus
1146 5457 1210 5510 lnst.
1232 5458 1280 5512 Or.
1300 5456 1376 5511 Libr.
1392 5458 1426 5511 X.
1442 5474 1467 5513 c.
1517 5456 1782 5513 derosodNicsndri
1791 5458 1918 5513 'l'lrerise
1928 5460 2021 5528 (Μ.
2037 5460 2249 5529 ldneAngustns
2262 5462 2360 5517 Latine
2375 5467 2496 5523 verterit

496 5548 523 5603 5,
540 5546 567 5617 ς.
584 5547 611 5601 8.
643 5544 703 5602 Nec
719 5542 828 5597 dubium
851 5546 894 5595 est
914 5539 979 5609 quio
994 5541 1129 5607 Augustos
1135 5575 1146 5603 ,
1168 5540 1338 5610 eloquentiae
1364 5542 1468 5596 studio-
1516 5542 1588 5596 etin
1604 5542 1714 5597 brevius
1729 5543 1902 5612 concurrit,
1918 5559 1979 5597 cum
1995 5544 2052 5612 ejus
2062 5546 2169 5616 Sicilia,
2186 5547 2409 5618 renumerante,
2420 5567 2495 5608 unu

475 5639 488 5719 ’ὴ
497 5626 777 5730 ιίιιὶιιιιιοψιὶιοι
791 5642 855 5682 usos
870 5626 907 5680 sit
920 5624 963 5681 lris
979 5625 1042 5692 styli
1061 5624 1211 5695 exuam,
1234 5640 1316 5695 quse,
1333 5626 1467 5682 Cicerone
1515 5625 1598 5683 luerit
1613 5632 1641 5682 et
1654 5627 1777 5686 medieas
1791 5628 1876 5698 liber.
1892 5627 2004 5685 nrum
2017 5628 2101 5699 piget.
