5717 6575
1076 641 1374 713 cosmometra
1394 642 1457 713 ΕΤ
1480 642 1770 723 SERMONIBUS.
2340 657 2414 734 llo

415 844 481 915 tur
499 860 524 913 a
545 835 719 915 Suetonio
740 861 774 912 o.
798 837 837 912 8.
862 839 900 910 el
924 832 1145 934 Quintiliano
1170 832 1258 909 Inst.
1277 831 1344 910 Or.
1368 832 1469 911 libr.
1488 834 1578 910 ΧΠ.
1605 859 1636 910 o.
1652 839 1690 914 6.
1721 845 1753 927 o.
1781 839 1839 930 1.,
1863 858 2014 935 quorum
2035 832 2144 911 tidem
2167 837 2313 915 Nicolao
2335 842 2414 917 Da·

417 981 583 1035 mmoeuo
608 958 778 1059 potiorem
800 953 972 1029 vindicari
997 952 1099 1029 libr.
1120 952 1150 1028 Ι.
1173 963 1206 1046 §.
1228 957 1266 1029 3.
1282 952 1331 1049 ⁷).
1382 953 1440 1028 De
1467 963 1688 1029 mortuorum
1713 952 1811 1054 apud
1835 954 2013 1029 Romanos
2035 954 2312 1065 laudationibus,
2348 985 2414 1037 ean

417 1100 502 1155 rum
523 1077 679 1179 origine,
703 1075 839 1150 ratione
863 1079 903 1147 ot
926 1098 996 1148 usu
1017 1075 1047 1147 ai
1072 1073 1157 1174 quid
1184 1073 1241 1147 bic
1267 1097 1350 1147 cum
1382 1096 1471 1146 cura
1502 1071 1620 1153 dicere
1648 1075 1796 1169 vellem,
1821 1062 2027 1169 *verendum
2049 1076 2135 1151 mibi
2160 1078 2281 1179 utique
2306 1090 2412 1177 esset,

418 1221 468 1273 ne
488 1196 571 1297 quis
595 1221 655 1270 nro
672 1193 766 1271 illius
789 1189 928 1296 γλαῦκ’
948 1194 1000 1276 ale
1021 1187 1187 1286 Ἀθήνας
1209 1192 1536 1268 commonefaceret.
1595 1178 1691 1269 Satis
1715 1192 1771 1266 hic
1794 1191 1863 1267 erit
1886 1194 2087 1289 monuuso,
2116 1195 2216 1269 illum
2242 1198 2413 1277 honorem

417 1314 520 1392 initio
542 1315 632 1389 solis
653 1313 738 1389 viris
760 1311 1004 1388 illustrioribus
1031 1311 1190 1386 lubitum
1212 1336 1314 1405 esse,
1339 1308 1487 1386 devictis
1514 1318 1633 1385 autem
1654 1335 1678 1383 a
1697 1310 1845 1386 Camillo
1870 1310 2006 1408 Gallis,
2042 1315 2148 1388 etiarn
2168 1319 2341 1394 matronis
2367 1320 2413 1395 ob

419 1436 605 1528 collatum,
630 1457 679 1507 ex
708 1458 780 1533 que
800 1455 939 1507 summa
960 1437 1084 1531 pactae
1108 1428 1279 1513 mercedis
1304 1428 1417 1506 Gallis
1443 1429 1630 1525 confieret,
1666 1451 1811 1526 aurum,
1835 1431 1922 1506 actis
1946 1433 2089 1534 gratiis,
2107 1434 2284 1511 ‘honorem
2306 1434 2413 1513 addi·

417 1558 495 1639 tum
519 1577 619 1647 esse,
642 1558 681 1626 ul
705 1575 850 1645 aarum,
875 1552 966 1626 siout
991 1550 1170 1646 virorum,
1196 1554 1451 1649 postmortem
1470 1549 1650 1623 sollemnis
1675 1546 1832 1623 laudatio
1863 1557 1966 1625 esset.
2016 1553 2096 1627 Usu
2123 1561 2304 1653 receptum
2327 1565 2412 1654 orat,

418 1678 462 1749 ut
481 1669 647 1747 laudandi
663 1692 817 1745 munere·
831 1667 1039 1770 iungeretur
1063 1693 1157 1743 unus
1182 1692 1231 1741 ox
1256 1668 1430 1767 proximis
1454 1667 1634 1767 cognatis,
1670 1660 1774 1769 isque
1798 1665 1957 1745 adultusr
1989 1695 2073 1745 nam
2086 1673 2299 1772 reipublicae
2321 1684 2413 1753 tem·

419 1814 509 1891 poro
541 1787 710 1891 ejusmodi
732 1787 903 1864 funebres
935 1786 1111 1861 orationes
1142 1810 1166 1858 a
1198 1787 1318 1885 pueris
1360 1787 1496 1862 habitas
1528 1813 1630 1882 esse,
1660 1790 1757 1869 nullo
1791 1780 1890 1888 quod
1915 1787 2025 1863 sciam
2051 1793 2249 1867 testimonio
2272 1795 2412 1894 probari

418 1915 548 2011 potest.
598 1906 712 2008 Quid,
739 1906 837 2010 quod
860 1904 1123 2006 Quintilianus,
1145 1929 1365 2001 memorans,
1394 1912 1635 2006 praetextatos
1659 1909 1777 2008 egisse
1802 1905 1986 2006 quosdam,
2009 1911 2144 1985 nullum
2166 1912 2321 2015 Augusti
2344 1940 2413 1991 ex·

418 2030 537 2129 ernplo
561 2028 739 2127 antiquius
762 2027 800 2101 in
823 2024 982 2101 medium
1006 2024 1160 2125 profert,
1193 2048 1242 2097 ex
1264 2050 1334 2125 quo
1356 2025 1404 2100 A.
1428 2024 1475 2102 G.
1499 2024 1687 2101 Ernestios
1710 2025 1756 2100 do
1780 2025 1957 2129 Panegyr.
1980 2027 2133 2105 Roman.
2160 2030 2347 2134 Eloquent.
2372 2037 2411 2113 in
2523 2069 2528 2085 ·

418 2145 556 2247 Opusc.
582 2144 699 2222 Oratt.
724 2170 761 2245 p.
788 2148 874 2222 176.
894 2147 993 2244 justo
1011 2145 1114 2244 plura
1137 2142 1224 2216 nrilri
1248 2142 1391 2217 videtur
1415 2144 1611 2243 collegisse.
1671 2143 1745 2218 Iste
1770 2168 1867 2239 mos,
1900 2171 1969 2247 quo
1999 2150 2206 2247 praetextati
2231 2150 2323 2226 adco
2347 2180 2411 2229 ro-
2516 2222 2519 2227 .

416 2271 496 2360 stra
517 2264 793 2340 conscenderent
812 2271 1042 2364 mortuosque
1069 2287 1153 2337 suos
1177 2258 1381 2358 laudarent,
1414 2270 1583 2363 vergente
1614 2259 1758 2339 demum
1787 2263 1967 2362 republica
2001 2265 2220 2343 introductus
2244 2277 2319 2368 cst,
2362 2284 2410 2377 et,

416 2384 490 2461 uisi
511 2383 735 2460 rebmuenter
761 2381 888 2478 fallor,
910 2381 958 2457 ab
980 2381 1075 2459 lulio
1100 2379 1254 2456 Caesare
1278 2382 1434 2481 primum
1456 2406 1570 2482 nequo
1593 2383 1790 2458 inconsulto
1812 2390 2026 2482 usurpatus,
2052 2385 2130 2459 licet
2155 2387 2296 2487 ipsum,
2318 2416 2410 2491 ,pcr-

416 2494 848 2605 spioaoissimi'bominem
870 2501 997 2596 animi,
1021 2526 1096 2574 non
1116 2501 1348 2600 praeteriret,
1383 2500 1448 2575 lrao
1470 2502 1608 2575 ratione
1632 2501 1810 2599 antiquum
1838 2501 1929 2607 illud
1950 2526 1991 2575 ao
2012 2501 2188 2580 laudrdrilo
2212 2509 2410 2587 institutum

415 2648 491 2699 non
511 2646 620 2722 posse
645 2647 720 2696 non
742 2622 781 2695 in
803 2626 1040 2720 contemptum
1065 2618 1191 2694 adduci
1219 2627 1255 2692 et
1281 2619 1479 2694 evilesoero.
1540 2620 1622 2697 lam
1646 2617 1730 2690 milri
1754 2619 2068 2718 persuasissimum
2097 2632 2173 2718 est,
2205 2626 2409 2728 Augustum

416 2765 569 2843 puerum
585 2766 659 2815 non
683 2750 811 2840 suopte
834 2740 977 2840 ingenio
1005 2739 1180 2840 animique
1200 2737 1337 2838 impetu
1370 2745 1434 2812 aut
1465 2763 1534 2813 suo
1556 2739 1595 2812 ln
1618 2737 1751 2831 oriam,
1786 2743 1929 2813 tenerae
1951 2736 2094 2841 quidem
2118 2746 2291 2840 pucritiae
2321 2774 2409 2825 suae

415 2858 662 2954 educatricem,
688 2884 819 2953 amore,
845 2858 911 2934 sed
937 2858 1104 2933 avunculi
1129 2858 1249 2959 magni
1271 2882 1382 2932 suasu
1405 2863 1441 2932 et
1468 2856 1675 2932 auctoritate
1697 2863 1911 2956 permotum,
1934 2884 1999 2934 nec
2022 2865 2095 2933 tam
2120 2865 2344 2962 permittente
2365 2892 2408 2943 eo

416 3003 526 3079 quam
551 2978 722 3079 jubente,
753 2979 850 3053 illius
885 2986 1063 3051 matronae
1092 3001 1156 3075 pro
1193 2975 1320 3050 rostris
1355 2974 1550 3049 laudandae
1583 3001 1711 3052 munus
1746 2978 1953 3078 suscepisse.
2014 2978 2119 3053 Haud
2144 2995 2280 3081 ¹parurn
2312 2988 2407 3062 enim

414 3098 501 3179 tulii
525 3097 689 3172 Caesaris
710 3096 897 3192 intererat,
936 3103 978 3168 ut
1005 3121 1085 3169 cum
1117 3095 1199 3194 ipse
1231 3094 1367 3193 sororia
1400 3119 1488 3169 suae
1513 3119 1624 3194 nepos
1647 3098 1779 3195 populo
1805 3120 1911 3196 quarn
1934 3099 2137 3174 maturrime
2160 3101 2406 3201 innotesceret,

414 3223 492 3294 tum
518 3218 623 3292 etiam
647 3242 738 3317 gons
759 3216 875 3311 Julia,
896 3215 935 3290 in
958 3238 1028 3315 qua
1052 3214 1184 3314 aliquot
1207 3213 1309 3289 annis
1337 3220 1420 3289 ante
1447 3213 1527 3315 ipse
1559 3212 1699 3290 dixerat
1722 3215 1941 3291 sanctitatem
1972 3241 2101 3319 regum
2125 3226 2163 3294 et
2185 3223 2407 3301 acrimoniam

414 3336 574 3413 Deorum
598 3361 679 3411 esso
695 3336 730 3432 Θ)
742 3388 754 3431 ,
782 3317 1003 3437 quocumque
1024 3332 1129 3408 modo
1153 3333 1388 3409 celebraretur
1411 3341 1449 3409 et
1472 3336 1568 3409 velut
1591 3360 1703 3436 regno
1722 3334 1834 3410 aDiis
1852 3334 2025 3412 destinata
2048 3340 2146 3412 velo
2168 3366 2281 3439 puero
2305 3368 2405 3420 com·

413 3452 654 3532 mandaretur.
703 3455 750 3530 In
776 3480 846 3554 qua
871 3455 967 3538 enim
992 3454 1060 3528 alia
1084 3478 1125 3529 re
1148 3454 1308 3528 comuni
1329 3453 1375 3528 ab
1398 3455 1561 3556 Augusto
1584 3461 1724 3555 poterat
1747 3452 1911 3529 laudatio
1924 3453 2043 3552 aviae,
2064 3483 2172 3558 quam
2195 3461 2235 3534 in
2258 3463 2405 3561 praedi.

414 3573 527 3651 cando
550 3572 693 3676 generis
719 3574 928 3676 antiquitate
960 3598 1002 3647 ac
1031 3571 1228 3668 nobilitato,
1260 3572 1310 3645 in·
1326 3557 1523 3648 referendis
1553 3573 1784 3668 ornamentis,
1824 3571 2014 3649 bonoribus
2050 3602 2092 3651 ac
2125 3578 2289 3655 laudibus
2324 3607 2404 3658 eum

413 3696 620 3794 majorum,
644 3701 719 3767 tum
751 3694 973 3793 aequalium,
1021 3690 1183 3790 inprimis
1215 3691 1297 3768 Julii
1334 3691 1518 3787 Caesaris,
1559 3689 1635 3793 ejus
1660 3692 1784 3767 fratris
1812 3676 1893 3766 tum'
1917 3694 2071 3768 maximo
2102 3698 2140 3770 in
2170 3698 2288 3774 Gallio
2322 3728 2404 3778 oum

411 3814 573 3888 omnium
606 3807 839 3886 admiratione
873 3818 908 3885 et
937 3817 1085 3907 stupore
1106 3809 1363 3911 belligerantis,
1398 3836 1504 3910 quern
1538 3818 1657 3885 orator
1678 3837 1770 3912 puer
1787 3810 1901 3910 patris
1928 3812 2007 3885 looo
2030 3812 2187 3891 eolcrct?
2239 3817 2402 3895 Insciens

411 3930 554 4033 quidem
584 3930 718 4029 optimo
749 3931 873 4030 cuique
910 3928 1022 4003 videri
1058 3926 1208 4003 debebat
1240 3935 1276 4004 et
1308 3929 1412 4003 nimis
1437 3930 1680 4026 ambitiosum,
1709 3932 1747 4004 in
1768 3954 1854 4006 suae
1876 3930 1992 4031 gentis
2019 3931 2223 4010 laudatione
2244 3939 2295 4011 uti
2316 3964 2404 4016 voco

409 4050 511 4151 pueri
544 4056 658 4124 rostra
691 4047 979 4142 conscendentis,
1012 4073 1129 4148 neque
1152 4055 1271 4124 tamen
1293 4047 1345 4122 illi
1366 4048 1488 4124 inutile
1525 4058 1602 4127 eret
1631 4057 1694 4125 aut
1717 4050 1928 4124 contrarium
1958 4052 2094 4152 magnis
2117 4050 2194 4154 ejus
2220 4064 2257 4129 et
2284 4056 2402 4133 arduis

316 4155 337 4212 '¹
409 4169 592 4262 consiliis,
625 4192 716 4267 quae
748 4165 819 4270 jam
848 4174 925 4241 tum
957 4164 1005 4241 ad
1044 4166 1228 4242 evertenda
1259 4164 1406 4243 subinde
1438 4169 1569 4244 veteris
1600 4167 1813 4270 reipublicae
1835 4168 1998 4245 instituta
2034 4178 2070 4245 et
2108 4170 2154 4245 ad
2181 4173 2400 4251 condendum

409 4286 621 4389 propediem
640 4312 794 4388 regnum
816 4287 932 4361 animo
956 4285 1135 4361 versum
1184 4287 1311 4387 Itaque
1333 4287 1559 4389 Augustum,
1595 4286 1780 4363 duodecim
1806 4288 1869 4363 rix
1888 4295 2158 4387 uolumenum,
2191 4294 2292 4367 aviac
2319 4305 2401 4395 post

408 4415 559 4484 monem
584 4403 778 4480 laudandae
801 4405 915 4507 gratia
939 4412 1054 4480 rostra
1078 4405 1323 4487 conscendisse
1347 4404 1452 4480 oredo
1476 4405 1522 4480 ab
1543 4406 1636 4483 Julio
1657 4404 1822 4502 Caesare,
1854 4408 1948 4482 illius
1970 4407 2093 4505 fratrc,
2123 4409 2273 4512 jussrnn,
2296 4441 2400 4515 quem

409 4547 521 4629 quum
542 4525 711 4602 Nicolaus
735 4525 977 4608 Domaaeenus
1001 4549 1033 4599 o.
1057 4528 1095 4604 3.
1120 4522 1203 4599 dicit
1226 4525 1421 4605 concionali
1445 4550 1525 4599 cum
1550 4527 1703 4600 clamore
1728 4524 1888 4601 auditum
1911 4550 2010 4622 osse,
2036 4528 2113 4604 alus
2134 4532 2188 4604 rei
2213 4530 2300 4608 fidos
2324 4542 2398 4607 esto

406 4670 519 4747 penes
547 4651 740 4720 auctorem.
1315 4670 1319 4676 ·
2206 4677 2209 4687 ·

561 4762 770 4864 Quaesitum
795 4760 898 4837 etiam
917 4770 991 4859 est,
1031 4787 1120 4837 num
1138 4761 1322 4863 Augustus
1347 4760 1536 4840 funebrem
1558 4764 1656 4846 illam
1678 4761 1869 4844 orationem
1896 4763 2040 4865 proprio
2065 4764 2201 4863 Marte,
2237 4792 2283 4843 on
2308 4769 2398 4848 duco

407 4888 444 4960 ά
467 4878 629 4983 adjutore
653 4882 823 4984 magistro
847 4882 967 4981 aliquo
994 4876 1256 4982 composuerit?
1306 4879 1515 4964 Sententiae
1537 4882 1719 4964 bominum
1749 4881 1932 4960 doctorum
1954 4882 2165 4984 discrepant.
2217 4887 2280 4963 Sio
2303 4891 2398 4963 llar-

404 4999 614 5086 keorothius
635 5003 675 5077 in
694 5002 785 5078 Nor.
807 5000 956 5090 Miscell,
981 4999 1129 5088 observ,
1152 4999 1257 5084 Tum,
1283 4999 1314 5082 Ι.
1339 5026 1379 5100 p.
1403 5003 1468 5078 55.
1492 5001 1636 5085 mirifico
1660 5001 1823 5078 acumine
1845 5003 1998 5103 probare
2020 5002 2158 5101 studet,
2189 5006 2396 5083 Athenodo-

404 5145 487 5198 rum
509 5119 752 5217 Tarsensem,
777 5120 1027 5222 philosophum
1045 5118 1209 5198 Stoicum
1231 5120 1355 5218 illum,
1382 5122 1442 5223 qui
1466 5124 1572 5224 vulgo
1595 5123 1691 5202 iuter
1713 5121 1873 5223 Augusti
1897 5122 2088 5224 magistros
2118 5131 2334 5221 numer-atur,
2360 5128 2395 5219 ei

403 5238 560 5340 primum
585 5240 679 5316 istud
704 5240 836 5343 ingenii
860 5240 1007 5328 oratorii
1029 5238 1308 5340 experimentum
1333 5242 1492 5318 exarsurti
1517 5264 1627 5342 opera
1649 5262 1716 5320 sua
1741 5247 1779 5318 et
1800 5239 1918 5322 studio
1943 5240 2110 5318 adfuisse.
2162 5241 2237 5318 Sed
2256 5243 2395 5320 Frond-

471 5409 501 5477 ⁷)
518 5410 621 5462 Ibidem
638 5409 733 5477 docui,
748 5409 823 5462 illam
838 5408 936 5464 lulium
952 5415 1084 5463 mortuam
1101 5423 1162 5461 esre
1178 5423 1204 5464 a.
1220 5409 1254 5462 U.
1265 5408 1298 5463 (l.
1313 5409 1374 5467 702.
1492 5407 1522 5479 8)
1538 5412 1709 5465 Laudarerat
1718 5410 1804 5466 lolius
1816 5412 1927 5474 Caesar,
1939 5411 2080 5478 Quaestor,
2089 5410 2186 5465 Juliam
2198 5414 2315 5483 amitam,
2326 5433 2395 5469 uxo-

401 5492 449 5549 ret
464 5493 535 5562 703,
550 5499 580 5547 et
594 5509 699 5549 meeum
713 5493 781 5550 facil
795 5494 965 5549 Drumanm
987 5495 1017 5549 in
1032 5496 1103 5549 Hist.
1120 5494 1197 5549 Rom.
1214 5494 1331 5551 Vollll.
1345 5511 1375 5565 p.
1423 5509 1534 5564 remque
1550 5494 1704 5551 Corneliam
1721 5496 1777 5551 rita
1794 5496 1944 5563 defunctas,
1964 5501 2032 5549 teste
2048 5495 2175 5549 Suetonio
2191 5498 2215 5551 J.
2234 5500 2312 5553 Caes.
2329 5517 2352 5554 c.
2367 5502 2393 5556 o.

399 5577 463 5635 767.
476 5578 514 5636 Ν.
528 5577 574 5634 41.
768 5634 772 5641 ,
1424 5585 1454 5634 at
1468 5580 1499 5633 in
1515 5581 1613 5635 amitae
1635 5581 1744 5650 quidem
1759 5581 1914 5637 undatione
1936 5581 1971 5634 de
1993 5580 2051 5647 ejus
2073 5596 2105 5633 ec
2123 5581 2207 5651 patris
2224 5583 2267 5637 sui
2282 5591 2394 5655 utraque

1424 5664 1530 5736 origine
1544 5665 1613 5722 illud
1628 5667 1786 5739 protulerat.
1960 5750 2037 5827 ¹5*
