5717 6575
1005 628 1235 718 PUERITIA,
1260 620 1505 701 mselsrals
1532 626 1591 703 AG
1616 566 1804 707 sudans
2352 628 2403 705 2³
2464 678 2468 685 ·

407 820 528 924 magis
553 817 796 897 necessarium
820 810 897 895 fore
919 810 1141 922 intelligeret.
1191 821 1280 896 lline
1299 810 1511 910 Plutarchus
1538 819 1575 895 in
1599 821 1703 897 Brut
1728 842 1761 897 ο.
1786 804 2105 920 22.deAug1uto
2130 813 2269 911 scribit:
2297 808 2400 889 ε’νὸθ

402 936 640 1036 Ἀπολλωνίᾳ
673 935 884 1036 διέτριβεν,
921 935 985 1013 ὅτε
1012 942 1161 1037 Καῖσαρ
1195 935 1391 1038 ἀνῃρέθη,
1428 934 1627 1034 σχολάζων
1660 936 1747 1039 περὶ
1782 933 1939 1041 λόγους,
1969 935 2148 1014 κάκεῖνον
2187 929 2248 1008 ἐπὶ
2285 927 2402 1030 Πάρ-

408 1059 512 1140 θους
540 1051 714 1132 ἐλαύνειν
746 1052 867 1138 εὐθὺς
900 1053 1095 1159 ἐγνωκότα
1125 1055 1356 1154 neocaesar.
1431 1057 1504 1156 Qui
1539 1056 1685 1159 quidem
1718 1060 1819 1133 locus
1849 1055 2044 1155 capiendus
2068 1062 2123 1130 est
2144 1052 2189 1128 de
2213 1048 2402 1151 disciplina

408 1174 623 1277 Apollodori
647 1175 817 1270 rhetoris,
843 1177 925 1275 qui,
948 1177 1097 1249 aliorum
1120 1199 1256 1275 qnoque
1283 1176 1499 1274 scriptorum
1521 1196 1719 1272 consensu,
1752 1172 1848 1252 unns
1869 1175 1939 1249 fuit
1964 1175 2024 1249 illa
2044 1173 2085 1248 in
2106 1172 2194 1247 urbe
2217 1170 2398 1272 magister,
2438 1260 2440 1265 Ι

408 1320 485 1397 quo
505 1296 696 1396 Augustus
721 1292 899 1368 utebatur.
947 1293 1108 1394 Denique
1132 1319 1216 1382 oum,
1232 1295 1390 1396 Augusti
1409 1294 1448 1368 in
1471 1294 1560 1370 urbe
1581 1295 1772 1396 Apollonia
1803 1294 2033 1371 commoratio
2057 1314 2130 1367 non
2153 1289 2318 1365 ‹liutnrna
2339 1311 2402 1361 es·

408 1423 466 1491 set
485 1414 624 1508 futura,
674 1412 768 1489 Julio
793 1412 946 1489 Gomara
975 1411 1186 1512 propediem
1220 1412 1475 1509 subsecuturo,
1534 1423 1595 1489 aut
1619 1440 1687 1516 ego
1713 1414 1928 1515 magnopere
1947 1413 2054 1486 fallor
2077 1417 2139 1485 aut
2161 1405 2399 1508 Apollodorus

408 1532 493 1626 ille,
509 1536 591 1634 ianr
616 1529 785 1633 grandior
807 1540 894 1606 natu
904 1582 918 1618 ,
955 1531 1053 1605 illius
1076 1531 1301 1606 contubernio
1324 1530 1487 1607 adinotus
1510 1541 1564 1608 est
1588 1535 1724 1636 magis,
1760 1540 1803 1609 ut
1832 1532 2046 1608 adolescenti
2072 1552 2138 1631 per
2160 1549 2263 1602 omne
2285 1549 2401 1624 expe·
2497 1527 2501 1535 '
2548 1566 2552 1575 ·

354 1744 361 1753 Ι
410 1649 555 1726 ditionis
578 1651 673 1726 illius
698 1657 841 1750 tempus
867 1651 959 1725 vitoe
982 1651 1176 1750 aetatisque
1200 1650 1358 1725 lubricae
1383 1657 1504 1725 castos
1531 1661 1628 1727 esset
1653 1677 1862 1752 morumque
1886 1659 2020 1748 rector,
2046 1673 2155 1752 quam
2178 1670 2249 1748 quo
2277 1644 2401 1719 Dicta·

409 1779 468 1846 tor
491 1770 743 1864 arbitraretur,
767 1769 900 1844 sororis
922 1792 1009 1845 suae
1033 1776 1219 1868 nepotem,
1235 1794 1308 1869 -per
1329 1769 1475 1843 brevem
1496 1771 1592 1845 illam
1616 1764 1828 1870 Apollonion
1852 1771 2040 1846 stationem
2065 1775 2101 1844 et
2123 1768 2216 1841 inter
2239 1762 2401 1839 continua

408 1889 495 1964 belli
523 1889 692 1963 exercitia
714 1889 950 1988 itinerumque
978 1889 1181 1981 molestias,
1211 1886 1358 1964 Graecis
1389 1886 1528 1962 meeum
1553 1889 1862 1967 exercitationibus
1883 1891 2076 1990 plurimum
2097 1885 2143 1962 ad
2167 1881 2401 1984 eloquentiam

409 2006 580 2110 proficere
603 2030 724 2107 posse.
774 2007 889 2105 Nam,
936 2015 1128 2107 utormque
1151 2006 1211 2080 alii
1231 2031 1275 2081 ea
1297 2004 1343 2081 de
1367 2032 1408 2081 re
1434 2008 1610 2103 sentiunt,
1660 2009 1748 2083 mihi
1773 2008 1918 2109 quidem
1938 2015 2071 2083 certum
2098 2030 2177 2081 esse
2200 2001 2340 2077 videtur
2362 2005 2400 2097 et

410 2124 567 2221 evidens,
591 2126 796 2227 Augentum
820 2128 866 2201 ab
893 2128 1067 2200 avunculo
1083 2124 1308 2225 Apolloniam
1332 2127 1480 2200 missum
1502 2150 1580 2201 esse
1603 2151 1675 2201 non
1699 2135 1772 2201 tarn
1795 2126 1841 2201 ad
1864 2129 1997 2202 litteras
2022 2150 2132 2227 qnam
2155 2120 2203 2196 ad
2227 2145 2287 2195 res
2312 2142 2400 2218 per·

409 2243 612 2340 Quom,
637 2270 725 2346 quas
749 2244 834 2319 belli
852 2271 943 2321 usus
965 2253 1132 2345 posceret
1156 2252 1261 2345 atque
1285 2242 1552 2318 administratio.
1603 2245 1716 2320 Teste
1740 2247 1906 2346 Appiano
1930 2246 1973 2321 B.
1988 2243 2032 2320 G.
2059 2244 2158 2320 Libr.
2183 2239 2234 2316 IL
2252 2264 2282 2314 ο.
2311 2239 2397 2329 110.
2539 2239 2543 2248 “

407 2372 509 2439 trans
528 2388 631 2438 <mare
645 2363 797 2438 ionium
817 2369 894 2464 jam
915 2371 993 2438 tunr
1017 2366 1186 2463 trajectae
1209 2369 1309 2437 erant
1331 2360 1659 2464 legionessedeoinr
1681 2389 1762 2439 cum
1783 2363 1911 2438 decem
1934 2364 2088 2439 nullibus
2108 2360 2287 2462 equibus.
2338 2352 2399 2428 Ad

407 2508 471 2558 eas
493 2482 603 2584 igitur
627 2484 843 2582 praemissus
867 2490 922 2557 est
942 2483 1147 2584 Augustus,
1195 2488 1234 2556 ut
1254 2506 1424 2581 equorum
1459 2505 1708 2584 armorumque
1743 2484 1926 2558 exercitiis
1948 2482 2026 2558 belli
2054 2479 2256 2575 laboribus,
2302 2498 2397 2576 quos
2528 2534 2530 2544 .

406 2608 557 2703 propter
575 2601 722 2676 militiae
735 2603 979 2701 Hispaniensis
1002 2601 1209 2675 brevitatem
1231 2599 1388 2674 nondum
1412 2600 1502 2675 satis
1525 2625 1718 2701 perpessus
1739 2609 1845 2697 esset,
1868 2602 1983 2701 magis
2005 2602 2192 2703 magisque
2214 2618 2399 2673 assuesce-

408 2730 464 2795 ret
496 2746 538 2795 ae
569 2717 813 2795 eormnorondo
845 2721 935 2794 inter
964 2720 1093 2794 milites
1128 2718 1287 2793 favorem
1309 2719 1378 2792 sibi
1407 2720 1610 2794 conciliaret
1644 2719 1813 2821 ducisque
1848 2729 1941 2795 artes
1967 2729 2003 2794 et
2026 2720 2145 2793 munia
2165 2714 2396 2791 condisceret.

408 2837 502 2914 iiam
526 2864 610 2913 curn
631 2840 818 2938 Appianas
839 2836 877 2911 in
902 2863 969 2932 eo,
993 2863 1098 2938 quem
1121 2863 1230 2938 supra
1255 2838 1500 2938 transsumpsi,
1532 2840 1612 2913 loco
1637 2840 1730 2914 inter
1745 2840 1813 2913 alia
1835 2840 1941 2914 etiam
1963 2838 2176 2932 narraverit,
2200 2833 2245 2909 ad
2267 2833 2398 2932 Augu·

409 2967 505 3034 stum
526 2957 634 3032 relati
657 2958 783 3031 stativa
801 2959 1009 3057 Apolloniae
1034 2957 1218 3030 habentem
1242 2955 1575 3056 exilaoedonio50)
1602 2982 1742 3060 qnoque
1763 2957 1907 3032 alternis
1932 2955 2066 3032 vicibus
2090 2954 2137 3031 ad
2161 2948 2397 3028 exercendum

405 3078 553 3152 senisse
586 3077 661 3151 alos
689 3076 866 3177 equitum,
911 3103 984 3152 non
1015 3078 1166 3150 multum
1192 3074 1291 3150 abest
1321 3075 1405 3175 qnin
1436 3076 1583 3175 opiner,
1629 3077 1723 3151 bunc
1741 3080 1911 3177 juvenem
1933 3102 2014 3151 enm
2035 3076 2154 3176 aliquo
2176 3068 2325 3172 imperio
2343 3066 2396 3145 ilri

407 3195 521 3271 faisse
546 3206 585 3270 et
605 3220 726 3270 coram
751 3195 941 3298 quomdam
963 3195 1190 3298 inspectionis
1219 3196 1294 3272 sire
1324 3194 1592 3285 transvectionis
1624 3195 1791 3275 habuisse
1813 3221 1895 3276 cum
1916 3197 2049 3273 mutuis
2072 3194 2143 3270 illis
2169 3185 2396 3271 exercitatio·

407 3315 515 3393 nibus
537 3312 769 3417 conjunctam.

560 3433 642 3512 dam
665 3460 714 3510 ex
734 3435 812 3532 bis,
846 3460 939 3537 quae
971 3461 1091 3512 rerum
1114 3447 1385 3541 temporumque
1409 3439 1558 3543 vest‘gia
1581 3447 1722 3518 secutus
1745 3440 1889 3542 scripsi,
1916 3425 2010 3517 ultro
2036 3460 2212 3540 apparere
2231 3430 2396 3524 arbitror,

408 3555 613 3656 Augustum
636 3554 683 3630 ab
707 3554 801 3633 Julio
826 3554 998 3651 Caesam,
1022 3583 1107 3631 mox
1131 3583 1213 3632 eum
1238 3558 1401 3636 habituro
1425 3558 1508 3646 belli
1532 3558 1646 3637 Getici
1667 3569 1704 3635 ct
1725 3560 1884 3636 Parthici
1918 3544 2209 3652 commilitonem,
2244 3549 2396 3654 Apollo·

405 3675 506 3749 niam
526 3674 762 3778 praemissum
787 3676 907 3774 potius
931 3701 1009 3750 esso
1031 3680 1068 3752 in
1095 3675 1315 3777 disciplinam
1339 3678 1484 3752 miliae
1512 3699 1619 3780 quam
1642 3680 1681 3754 ln
1706 3679 1897 3754 littermnm
1921 3681 2117 3781 artiumque
2139 3658 2294 3751 stadia-¹
2322 3666 2395 3742 At·

331 3805 337 3812 '
407 3817 480 3894 que
501 3817 573 3893 quo
599 3794 717 3866 minus
741 3794 924 3867 corneliis
950 3795 1033 3868 viris
1057 3795 1167 3869 doctis
1174 3848 1187 3889 ,
1227 3819 1317 3893 quos
1340 3796 1396 3869 lrio
1418 3821 1625 3872 enumerare
1646 3798 1793 3898 longum
1817 3806 1873 3872 est
1894 3806 1929 3873 et
1955 3798 2142 3892 odiosum,
2180 3792 2334 3868 mamm
2358 3791 2395 3859 cl
2466 3863 2470 3876 ,

407 3909 627 3986 confidenter
649 3935 906 4008 asseveremus,
925 3913 1127 4015 Augustum
1146 3890 1314 4014 judecam
1323 3916 1530 4014 Apolloniae
1550 3915 1774 4014 potissimum
1796 3918 1924 4017 ingenii
1945 3918 2121 4017 animique
2144 3914 2299 4003 cultum,
2321 3928 2394 4005 quo

408 4030 466 4103 vir
486 4028 603 4104 factus
625 4038 663 4103 et
680 4030 881 4130 Imperator
906 4033 1102 4127 emineret,
1127 4034 1327 4134 percepisse
1352 4059 1503 4136 eumque
1526 4060 1598 4109 non
1624 4035 1740 4109 solum
1765 4037 1837 4111 arri
1859 4035 2056 4110 studiorum
2079 4032 2299 4123 assiduitate,
2329 4021 2394 4099 sed

406 4148 584 4249 frequenti
608 4149 717 4222 etiam
738 4149 1010 4251 magistrorum,
1036 4151 1197 4252 quesibi
1220 4152 1380 4248 audiret,
1415 4179 1488 4228 usu
1513 4162 1549 4228 et
1574 4151 1828 4229 consuetudine
1851 4158 2009 4231 omnium
2040 4179 2161 4228 rernm
2183 4167 2394 4250 magnarum

409 4267 596 4341 startiam
621 4267 805 4343 scientiam
829 4268 1044 4367 perfecisse,
1067 4270 1341 4365 obstarqotiom
1364 4271 1507 4346 videtur
1526 4274 1832 4372 Apolloniensium
1857 4274 2011 4349 brevitas
2038 4271 2254 4364 studiorum,
2284 4263 2416 4365 (peip--

408 4410 458 4486 pe
491 4384 621 4486 quibus
654 4387 719 4461 vix
752 4411 819 4486 per
841 4396 1009 4462 semestre
1035 4390 1205 4489 temporis
1230 4391 1383 4490 spatium
1406 4416 1533 4466 vacare
1559 4397 1688 4491 posset
1762 4392 1875 4489 Nam,
1923 4400 2065 4467 auctore
2090 4389 2255 4490 Appiano
2277 4385 2322 4459 B.
2348 4379 2392 4457 G.

407 4501 511 4579 Libr.
534 4503 599 4578 ΠΙ.
622 4530 653 4579 ο.
681 4511 732 4600 9.,
773 4505 965 4607 Augustus
990 4506 1198 4606 Apolloniae
1231 4517 1373 4584 sextrnn
1398 4510 1678 4612 commorationis
1703 4536 1862 4589 mensem
1886 4513 2073 4614 ingressus
2096 4515 2196 4603 erat,
2241 4529 2331 4579 curn-
2347 4498 2393 4575 de

409 4620 521 4695 caede
544 4625 708 4697 avunculi
730 4624 876 4697 nuntius
900 4625 1124 4724 afferebatur.
1174 4626 1299 4728 Neque
1321 4637 1500 4729 repugnat
1522 4634 1721 4730 temporam
1754 4631 1842 4705 ratio
1873 4648 2065 4731 rerumque
2087 4636 2268 4731 gestarum
2292 4619 2393 4710 ordo·

406 4740 503 4815 Nam
534 4765 633 4836 cum,
673 4741 868 4817 tacentibus
889 4742 1029 4843 quiderm
1049 4745 1303 4845 scriptoribus,
1351 4745 1504 4821 dubitari
1534 4755 1696 4850 nequeat
1709 4748 1796 4849 quin
1816 4750 1877 4824 ille
1899 4749 2097 4823 interfuerit
2118 4745 2204 4825 Julii
2228 4739 2394 4819 Caesaris
2481 4764 2486 4773 ·

407 4857 586 4958 triumpho
617 4859 869 4962 Hispaniensi,
910 4865 1010 4961 cujas
1046 4888 1214 4963 pompam
1239 4863 1380 4938 ductam
1404 4857 1485 4941 esse
1516 4865 1739 4966 probavimus
1765 4878 1798 4959 §.
1829 4875 1867 4945 6.
1895 4870 2035 4943 ineunte
2062 4865 2208 4945 Octobri
2236 4860 2318 4937 anni
2344 4857 2392 4933 U.

408 4975 453 5055 G.
483 4980 575 5055 700.
600 5004 632 5056 s.
659 4984 742 5075 45,
771 4978 850 5053 veri
874 4988 930 5055 est
954 4981 1167 5060 simillimum
1202 5008 1242 5057 ac
1268 5007 1381 5084 paene
1406 4975 1559 5080 certum,
1593 5010 1674 5059 earn
1705 5011 1778 5062 non
1812 4987 1925 5092 prins,
1947 5011 2057 5087 qnam
2091 5008 2214 5060 mense
2244 4976 2391 5057 Octobri

406 5094 571 5195 ejusdem
601 5097 686 5172 anni
710 5094 826 5173 medio
851 5097 967 5180 Rama
997 5099 1136 5179 abiisse.
1196 5100 1324 5203 Itaque
1345 5103 1480 5180 mensis
1504 5103 1662 5178 Martius
1685 5129 1718 5180 a.
1751 5106 1798 5183 U.
1823 5105 1866 5183 C.
1891 5110 1979 5182 710.
2005 5133 2037 5181 s.
2062 5109 2126 5182 44.
2150 5125 2219 5205 qno
2238 5104 2392 5173 exeunte

319 5219 325 5227 ’
405 5213 682 5293 intricarem
706 5214 832 5292 caedes
856 5217 1018 5293 nuntiata
1043 5226 1114 5316 est,
1145 5227 1222 5295 erat
1242 5228 1386 5317 sextus,
1416 5245 1521 5325 quem
1545 5222 1732 5326 Augustos
1754 5223 1967 5325 Apolloniae
1986 5222 2222 5328 trmsigebat,
2247 5214 2390 5292 mensis.

469 5431 521 5499 Ι60)
538 5434 638 5489 Scribit
652 5434 790 5531 Appianas
806 5437 878 5492 Rc.
888 5436 963 5492 Liba
979 5439 1026 5492 111.
1039 5436 1124 5493 aas:
1140 5433 1200 5504 ὴέν
1211 5418 1378 5509 Μακεδονίᾳ
1419 5435 1626 5507 σονεζιύγνοιο,
1637 5440 1725 5503 furor
1735 5457 1764 5496 rr
1775 5439 1862 5511 πολλὴ
1873 5397 1922 5497 rel
1932 5432 2093 5512 repressori
2104 5433 2173 5492 mi
2182 5432 2266 5508 λόγον
2277 5430 2391 5501 inrisis-

402 5513 519 5584 mpnrri
528 5512 612 5589 λοιπῇ
634 5533 664 5573 rr
675 5514 853 5588 corripieris
862 5519 912 5574 sal
922 5516 1023 5588 πλήθει
1033 5524 1160 5591 μεγίστη·
1177 5518 1206 5582 ἓξ
1221 5517 1276 5593 γὰρ
1288 5511 1325 5589 ἦν
1334 5521 1378 5576 rt·
1418 5521 1569 5580 Numeroro
1584 5522 1647 5580 boio
1662 5526 1790 5596 eqoltrtm
1806 5528 1879 5584 bend
1895 5529 1974 5585 dubie
1986 5528 2071 5585 lnlius
2080 5526 2183 5583 &asar
2192 5525 2314 5581 consulto
2327 5537 2392 5577 suae

370 5669 376 5677 ι
403 5601 454 5667 λη,
465 5600 513 5655 sal
524 5598 595 5659 door
605 5597 673 5658 ἄλλο
683 5604 790 5671 πλῆθος
804 5602 899 5667 αὐτοῖς
906 5606 1027 5668 τοξοτῶν
1037 5605 1087 5661 sot
1098 5607 1191 5676 ψιλῶν
1202 5600 1218 5675 ἢ
1228 5610 1378 5680 γομνητιῦν
1418 5609 1520 5665 rororis
1535 5617 1660 5679 nepotem
1675 5610 1859 5683 praesecaret!
