5717 6575
904 654 1157 742 suasanus,
1180 656 1434 739 conrosunrs
1454 658 1517 731 uu
1540 626 1759 733 nunnus,

1096 980 1193 1069 Asi
1228 848 1564 1117 coexsistens

975 1153 1114 1233 Seneos
1141 1151 1187 1231 ele
1209 1154 1343 1230 Brevit.
1372 1154 1449 1231 Vit.
1474 1181 1505 1231 c.
1533 1156 1573 1235 5.
1600 1165 1633 1249 ι.
1660 1159 1694 1233 l.
1763 1200 1768 1215 ι

483 1282 536 1357 34.
577 1282 675 1355 Diras
696 1288 871 1374 Augustus,
893 1288 941 1354 eui
960 1288 1004 1354 dii
1023 1289 1221 1380 pluraquam
1240 1286 1296 1357 ulli
1314 1290 1548 1379 praestiterunt,
1570 1310 1632 1357 uou
1653 1286 1744 1355 rabi
1764 1288 1893 1379 quietem
1915 1286 1974 1353 sibi
1994 1288 2122 1376 precari,
2143 1290 2328 1359 vacaturam

332 1387 539 1480 achnblias
559 1398 675 1478 petere.
719 1388 823 1456 Omnis
845 1391 910 1476 ejus
931 1410 1030 1457 sesuro
1053 1389 1092 1455 erl
1112 1391 1169 1459 boc
1190 1411 1307 1481 semper
1327 1389 1480 1459 revolutus
1502 1399 1560 1476 est,
1582 1396 1614 1457 ut
1635 1390 1694 1457 sibi
1715 1396 1852 1480 speraret
1873 1387 1976 1456 otiuur.
2018 1386 2087 1454 Hoc
2107 1385 2226 1458 labores
2247 1414 2331 1477 suos,

332 1490 450 1560 etiamsi
471 1490 565 1573 falam
589 1486 667 1555 dulei
689 1501 788 1556 tamen
810 1488 980 1558 oblectabat
1001 1490 1124 1559 solatio:
1146 1492 1344 1577 „otipsooao
1365 1495 1577 1560 stricturum
1597 1490 1686 1560 sibi.“
1730 1489 1767 1557 lu
1789 1490 1914 1579 quadarn
1936 1486 1974 1555 ai
1988 1486 2133 1556 Senatum
2156 1489 2247 1557 missu
2268 1492 2330 1584 epi·

332 1591 428 1677 stola,
450 1612 536 1681 quum
557 1591 689 1679 requiem
711 1610 794 1657 suam
815 1613 877 1658 non
899 1612 1020 1658 vacuam
1042 1592 1108 1660 lore
1130 1590 1287 1679 dignitatis
1308 1612 1406 1659 neca
1432 1592 1533 1682 priore
1563 1592 1663 1682 gloria
1689 1590 1923 1680 discrepantem,
1952 1588 2102 1681 pollicitus
2128 1599 2228 1677 esset,
2256 1595 2330 1662 haee

333 1695 425 1762 rerba
445 1693 562 1761 insen:
605 1691 688 1777 „Sed
707 1696 769 1761 ista
789 1695 856 1779 pert
876 1693 1060 1778 speciosius,
1083 1710 1178 1779 poam
1197 1695 1339 1776 promitti
1356 1702 1502 1776 possessi.
1543 1693 1598 1761 Me
1619 1705 1724 1761 tameo
1746 1694 1857 1775 aspida
1885 1694 2031 1777 temporis
2051 1695 2237 1778 epratssm
2255 1693 2333 1764 stibi

329 1799 490 1880 prevenit,
510 1804 547 1863 stt
567 1799 721 1881 promam
739 1812 848 1863 serrem
869 1795 990 1864 tortitia
1010 1804 1156 1862 mamus
1176 1796 1296 1876 mise,
1315 1797 1528 1879 praeciperem
1554 1799 1675 1883 αιιιιιιι
1700 1797 1872 1878 ooinptatis
1893 1812 1934 1863 ee
1953 1796 2122 1864 umbem
2141 1796 2332 1866 ιιιιιιιιιιίιιιι

334 1897 439 1965 Tanta
459 1897 525 1964 viss
544 1907 593 1965 est
613 1916 664 1965 res
685 1897 792 1979 abun,
811 1904 846 1963 nt
865 1895 969 1974 illan.
988 1898 1058 1987 quia
1077 1915 1134 1967 usa
1155 1916 1217 1967 nou
1236 1908 1375 1987 poteret,
1395 1897 1582 1985 sogiufioue
1602 1899 1821 1990 praesumeret!

1011 2074 1013 2081 ’
1071 2046 1261 2125 Suetonius
1283 2049 1440 2151 Augus.
1467 2077 1499 2125 e.
1524 2053 1587 2128 42.

487 2180 542 2251 85.
583 2180 701 2271 Magna
722 2200 794 2250 vero
816 2178 961 2272 quondam
983 2182 1145 2250 sterilitate
1167 2205 1202 2249 ac
1224 2182 1340 2250 difficili
1360 2182 1509 2260 remedio,
1532 2205 1620 2273 quum
1640 2181 1800 2251 venalitios
1830 2191 1862 2249 et
1883 2181 2059 2250 lanistarum
2088 2180 2218 2252 lanilias
2245 2205 2331 2274 pere·

335 2288 500 2374 grinusque
521 2302 641 2367 aarum,
663 2285 797 2373 exceptis
818 2283 941 2350 medicis
963 2292 996 2349 et
1011 2285 1271 2374 praeceptoribus,
1298 2292 1473 2374 partemque
1495 2287 1688 2353 servitiuusn
1711 2285 1793 2353 Urbe
1814 2285 1997 2373 expulisset:
2019 2292 2053 2352 ut
2073 2284 2191 2352 undem
2212 2306 2333 2356 muana

336 2386 503 2469 convaluit,
524 2390 671 2470 mpetum
690 2390 874 2469 recepisse,
903 2386 1024 2478 scribit,
1052 2387 1327 2470 lamentatores
1345 2389 1381 2452 ite
1406 2398 1594 2470 perpetuam
1615 2389 1779 2470 ιιοιιιιιιι,
1812 2389 1898 2472 pros
1924 2404 2037 2456 earssa
2063 2388 2179 2472 fidetem
2206 2391 2333 2459 ercitum

333 2507 489 2573 ιιιοιιιιι
503 2498 653 2564 cessaret,
672 2506 773 2574 erpere
785 2498 893 2555 tameo
905 2506 1135 2572 perseverasse,
1155 2492 1232 2575 posia
1247 2500 1366 2557 actitem
1376 2490 1518 2574 babere,
1536 2500 1608 2574 posi
1623 2507 1655 2559 se
1675 2507 1732 2574 per
1744 2490 1943 2557 emtam
1957 2490 2147 2578 mauriopes
2159 2494 2289 2561 restituti

1289 2658 1379 2735 ΧΠ.

695 2790 889 2869 Suetonius
913 2789 986 2869 Μι.
1011 2791 1057 2868 dc
1084 2790 1210 2869 Natur.
1235 2792 1319 2869 Res.
1343 2792 1515 2895 Execrpt.
1534 2792 1642 2870 Tom.
1667 2791 1736 2870 III.
1754 2821 1791 2895 p.
1811 2794 1876 2873 76.
1899 2790 1978 2869 Wl.

490 2924 541 2992 36.
585 2925 625 2994 Et
646 2928 803 3016 Augustus
825 2927 883 2995 ait:
904 2945 965 2996 mos
985 2932 1128 2997 ocoimss
1149 2927 1332 3016 Neapolim,
1351 2930 1453 3015 pisctu
1473 2932 1598 3015 quidm
1619 2948 1720 2998 coeco.

1268 3163 1317 3288 s.
1355 3165 1398 3259 ι.

491 3355 617 3429 Alletis
642 3351 983 3452 Caesarisrlagusti
1005 3349 1197 3452 Epistolis,
1222 3377 1372 3454 qnsnnn
1395 3353 1557 3427 breviore
1578 3349 1736 3454 longiore
1767 3352 1812 3425 erl
1844 3359 1998 3428 nostram
2026 3358 2175 3428 aemma
2204 3379 2332 3454 perse-

337 3500 422 3553 nere
445 3472 674 3575 Fragmenta,
703 3481 890 3571 superest,
924 3477 983 3566 ut,
1017 3495 1105 3571 quas
1132 3469 1253 3546 erebro
1279 3495 1360 3545 eum
1385 3471 1433 3545 ael
1458 3472 1544 3547 abus
1567 3472 1769 3565 Romanos,
1800 3479 1876 3545 tuns
1908 3473 2014 3546 etiunr
2047 3471 2092 3544 erl
2117 3472 2332 3576 alienigenas

337 3594 523 3694 Principes
548 3601 584 3667 et
609 3592 765 3691 Populos
791 3590 837 3664 ab
862 3615 903 3665 co
929 3589 1080 3690 scriptas
1113 3595 1150 3663 et
1181 3593 1273 3664 ultro
1305 3589 1463 3692 citroque
1490 3591 1621 3694 ιιιὶιιιιι
1653 3613 1732 3664 esse
1757 3589 1945 3690 scriptores
1976 3590 2114 3689 passim
2142 3593 2333 3669 urernosiae
2410 3687 2414 3696 ¹

339 3713 509 3816 produnt,
534 3712 687 3787 breviter
710 3735 752 3784 sc
775 3711 868 3783 velat
892 3733 959 3808 per
982 3719 1140 3783 saturam
1164 3733 1432 3809 componamus.
1482 3710 1697 3812 Plerumque
1719 3708 1758 3782 in
1782 3715 1988 3785 ιιιιιιοιιιιιι
2016 3721 2333 3788 commemorantur

339 3855 529 3933 mnusque
553 3836 804 3931 argumentum
829 3829 932 3928 quale
954 3827 1067 3902 fuerit
1086 3827 1251 3903 universe
1275 3827 1503 3931 significatur.
1552 3827 1681 3929 Neque
1707 3828 1788 3901 illae
1807 3826 1853 3902 ele
1875 3828 1987 3903 rebus
2013 3833 2151 3904 mutum
2176 3830 2329 3929 petuas

340 4120 399 4158 reru
428 4099 546 4168 legentis
573 4114 680 4165 partem
709 4099 822 4154 boneste
850 4114 1077 4168 supervacaneam
1107 4103 1181 4153 recte
1204 4097 1312 4167 indicet
1362 4096 1944 4166 rendsestade.li.0.7bd.s.d.p.Chr.
1960 4097 2329 4156 antonomasiam.

339 4185 466 4244 ondend.
500 4185 643 4239 Caeterum
661 4198 713 4249 ego
729 4199 785 4238 nors
802 4183 943 4249 rmerupo,
965 4199 1013 4237 eur
1029 4183 1165 4240 Kreusius
1182 4183 1219 4238 <lc
1233 4185 1312 4238 Fon·
1363 4199 1386 4239 e.
1402 4183 1446 4238 28.
1462 4189 1490 4236 et
1506 4182 1606 4237 orosio
1623 4181 1699 4238 Lrbr.
1716 4182 1774 4237 Vll.
1790 4198 1814 4237 e·
1830 4184 1857 4238 ³.
1875 4181 2027 4253 descripta,
2046 4183 2096 4237 ills
2109 4183 2226 4251 Augusti
2244 4186 2331 4241 verbs

342 4273 394 4328 ab.
414 4273 527 4326 Sueten.
554 4288 582 4340 p.
604 4270 650 4326 u
674 4269 798 4338 dubitet,
823 4284 888 4322 ιιιι
914 4269 1090 4338 Tranquillus
1115 4268 1176 4337 ipse
1200 4268 1249 4324 lsas
1272 4272 1314 4323 essi
1363 4285 1397 4322 ne
1414 4267 1650 4338 ponuntqnidern
1667 4283 1729 4321 esse
1752 4283 1788 4322 ex
1810 4270 1870 4338 eins
1887 4265 2104 4327 commentarii
2136 4269 2271 4332 Krsusins
2296 4270 2332 4328 de

343 4357 500 4410 Messes
498 4355 557 4426 (ita
573 4355 600 4410 b.
617 4353 752 4409 huminem
772 4355 892 4424 appellat
897 4352 920 4423 i)
942 4354 1046 4407 litteras
1069 4352 1252 4424 autographas
1270 4356 1311 4406 le-
1362 4352 1475 4410 Fontib.
1492 4354 1603 4406 Sueten.
1618 4369 1645 4421 p.
1662 4349 1706 4406 31.
1723 4353 1840 4406 rectiore
1855 4349 1960 4418 judicio
1978 4341 2012 4406 es'
2028 4370 2090 4406 esse
2107 4352 2201 4408 statuit
2218 4370 2253 4409 ex
2264 4349 2329 4423 epi-

1364 4436 1440 4490 stolis
1464 4438 1656 4489 adsecutum.
1690 4429 1758 4488 arnt
1780 4447 1886 4504 quoqne
1911 4451 1966 4503 res,
1990 4452 2071 4505 quesn
2092 4436 2196 4505 ιιιιιιι,
2220 4435 2330 4504 preele-

409 4525 458 4582 Xi-
473 4523 517 4581 ss.
533 4523 613 4580 asso
629 4521 678 4578 atii
692 4539 771 4593 spen
792 4527 822 4576 Ε
837 4515 989 4589 cupidinem
1006 4521 1158 4576 ιῐιιιιΙιιιιιι
1174 4519 1261 4574 tuisse
1276 4521 1313 4576 ab
1362 4521 1432 4576 sime
1448 4535 1502 4576 nos
1519 4522 1555 4574 sd
1571 4519 1693 4576 bendum
1711 4518 1858 4574 amirae
1877 4518 1983 4573 ridetur
2003 4519 2139 4588 pertinere
2154 4524 2203 4576 sed
2224 4519 2260 4576 sd
2277 4523 2331 4578 Se-

340 4615 480 4678 Augnsto,
496 4615 526 4663 st
540 4607 665 4679 precibus
683 4611 799 4662 Senntm
816 4606 955 4660 riderem
972 4604 1034 4671 aori
1050 4605 1085 4658 ad
1103 4605 1243 4660 retinenda
1257 4605 1313 4658 inr-
1364 4612 1470 4672 aaran,
1487 4603 1530 4659 eui
1548 4620 1614 4659 snse
1636 4603 1749 4658 sctionis
1773 4603 1902 4657 ιιιίοιιιιι
1928 4602 2044 4658 reddere
2058 4620 2191 4674 suamque
2213 4606 2331 4675 prvden-

342 4695 415 4765 perii
437 4694 635 4761 gubernacula,
658 4709 703 4745 res
727 4688 852 4745 ccnlmse
876 4690 942 4745 satis
965 4695 1055 4744 estet
1080 4688 1200 4745 evidens.
1242 4687 1313 4743 Vide
1364 4688 1429 4743 tiens
1446 4687 1586 4742 venditare
1603 4686 1701 4742 voluit:
1719 4685 1776 4743 sid.
1800 4687 1942 4741 Sclslosser
1958 4689 2091 4744 disicere.
2111 4691 2212 4747 Greci.
2234 4691 2261 4744 tl.
2278 4693 2330 4748 sss.

342 4779 402 4846 eius
426 4778 576 4832 οιιιίοιιιιι
596 4793 642 4846 up.
666 4776 779 4829 Dionem
801 4775 879 4829 Cess.
902 4774 979 4828 Libr.
1001 4771 1071 4827 Llll.
1095 4789 1119 4829 o.
1140 4775 1160 4827 8
1182 4789 1258 4842 sqq„
1277 4774 1313 4825 de
1367 4774 1446 4827 Wett
1463 4774 1544 4827 Tora.
1562 4774 1583 4826 Ι.
1599 4775 1626 4827 1.
1643 4788 1671 4841 p.
1687 4772 1749 4829 ssa
1771 4777 1800 4825 et
1815 4770 1954 4826 Basibois
1975 4773 2080 4831 mos.
2099 4776 2266 4832 meses.
2282 4775 2330 4834 ὓ.
2355 4787 2359 4796 “

342 4880 399 4932 qu
419 4863 466 4929 epi
488 4878 570 4931 supra
590 4861 666 4914 Libr.
684 4861 727 4914 lli.
750 4858 777 4927 §.
799 4861 826 4914 3.
850 4876 878 4928 p.
902 4860 954 4913 lac
975 4873 1030 4927 eq.,
1054 4864 1081 4911 et
1103 4874 1230 4927 compara
1255 4858 1312 4923 ejus
1364 4861 1391 4913 d.
1409 4860 1515 4911 Rdmer
1536 4858 1568 4910 P.
1587 4858 1620 4910 ll.
1641 4874 1667 4925 p.
1685 4856 1729 4910 98.
1762 4857 1793 4909 ln
1814 4859 1955 4909 contextus
1976 4856 2069 4912 serbis
2090 4858 2226 4914 seniosmn
2245 4858 2329 4914 retio-
2413 4867 2416 4874 '

342 4947 701 5015 solempnitatem
719 4944 779 5011 ἢ,
801 4944 836 4996 de
857 4960 911 5012 quo
934 4959 984 4996 sno
1007 4944 1069 4996 loeo
1088 4942 1185 4996 dicans.
1220 4941 1314 4996 Since-
1364 4958 1425 4996 nens
1442 4947 1550 4994 secutus
1567 4957 1626 4993 snm
1644 4938 1777 4994 Peldsrni.

343 5047 394 5088 ιιι
408 5037 439 5086 et
451 5029 566 5106 integer
576 5028 658 5083 smmi
673 5043 768 5081 sensus
773 5042 852 5097 ,qno
870 5026 1000 5096 Princeps
1022 5025 1203 5094 martionis
1192 5041 1248 5094 anr
1265 5042 1314 5078 se-

343 5115 411 5173 ersis
427 5115 540 5170 effeetus
561 5098 629 5167 lraee
650 5112 809 5182 scripserit,
835 5111 932 5165 emieat
953 5127 990 5164 ex
1012 5110 1067 5164 illie
1090 5110 1194 5165 verbis:
1229 5111 1316 5179 „Seri
1431 5111 1492 5164 xil.
1508 5110 1552 5164 38.
1571 5110 1602 5160 ln
1619 5123 1671 5177 quo
1689 5124 1774 5179 penes
1790 5109 1838 5163 ills
1854 5108 1970 5177 Augusti
1986 5110 2257 5165 serbshsenintur
2271 5111 2330 5168 Ex

340 5205 406 5258 ists
417 5199 487 5271 fleri
501 5200 661 5264 speciosiss
678 5211 764 5266 pesam
778 5198 910 5264 proeesse
924 5200 1062 5262 permeet!
1053 5192 1090 5231 “
1118 5195 1262 5249 caemranr
1278 5205 1315 5246 es
1364 5198 1467 5262 corpses,
1482 5193 1512 5246 id
1524 5192 1691 5247 nammis
1703 5193 1856 5248 librom
1867 5194 1904 5247 de
1914 5194 2011 5249 Nstrr.
2026 5195 2129 5250 narn
2145 5195 2237 5249 retulit
2252 5197 2330 5252 (tro-

343 5288 375 5343 b.
389 5288 413 5343 l.
430 5288 549 5341 eomsen
564 5297 633 5336 ense
654 5281 779 5336 diationis
791 5280 914 5335 duxisse
935 5279 1043 5335 videtrn
1058 5278 1162 5334 Plinius
1177 5278 1254 5332 nius.
1269 5277 1315 5331 m.
1365 5276 1413 5331 nio
1437 5280 1494 5332 isc.
1516 5277 1671 5331 Gronovius
1695 5283 1722 5332 et
1744 5294 1804 5332 cunr
1826 5277 1949 5332 lectionis
1970 5278 2062 5333 seriae
2086 5279 2223 5335 uotstione
2243 5297 2331 5351 nuper

344 5371 479 5442 Epistl.
495 5367 527 5438 ς.
542 5369 586 5423 ll.
601 5365 667 5436 lbiq.
686 5366 743 5419 viel.
760 5363 866 5433 Giecig.
1367 5360 1545 5431 repetivito.
1561 5360 1696 5415 blirllerus
1713 5363 1749 5416 ed
1764 5363 1864 5417 celaesu
1882 5364 1957 5417 sesa
1977 5363 2100 5433 Pornpej.
2121 5364 2198 5419 Festi
2221 5382 2249 5436 p.
2267 5365 2330 5422 882.

413 5453 459 5511 ⁸5.
481 5454 560 5507 Bana
584 5454 674 5507 ιοιιιιι
700 5449 845 5506 Fabricius
869 5467 898 5522 p.
922 5449 984 5508 lib.
1015 5454 1147 5518 sumptum
1174 5450 1253 5517 putet
1277 5461 1315 5499 ex
1369 5446 1496 5517 opissrtus
1513 5446 1655 5500 munimem
1674 5454 1776 5517 perteus
1793 5463 1828 5501 ex
1845 5445 1942 5502 Verrio
1964 5447 2071 5502 dremne
2087 5463 2159 5504 esse.
2192 5448 2263 5504 mni
2280 5449 2331 5506 tus

345 5538 464 5606 Augusti
483 5537 631 5592 comment.
649 5536 684 5589 de
700 5535 755 5590 vit.
770 5536 887 5606 ιιιιιιιο
903 5533 1015 5590 Gor-ilus
1032 5533 1069 5588 sd
1087 5533 1196 5587 sallust.
1209 5530 1316 5585 Hister.
1366 5529 1493 5584 videntur
1510 5535 1617 5601 sumpte
1634 5543 1695 5584 esse
1712 5547 1747 5585 cx
1763 5532 1895 5602 epistole,
1916 5532 1945 5585 iu
1959 5547 2016 5599 que
2032 5530 2155 5613 anquam
2171 5547 2279 5590 norun
2295 5535 2331 5588 de

346 5625 460 5691 Fessus.
478 5640 505 5692 p
523 5621 584 5677 δῶ.
605 5620 654 5675 lis.
670 5619 833 5689 Perpessus!
873 5619 979 5677 Quodsi
1001 5618 1070 5672 brec
1092 5616 1220 5670 sterilitas
1243 5613 1315 5669 rele-
1367 5614 1407 5669 itu
1425 5623 1453 5669 et
1469 5615 1585 5669 reditu
1577 5632 1606 5669 ιι
1623 5614 1744 5670 Siciliane
1761 5627 1812 5671 rna
1830 5615 1991 5685 scripsisset.

1976 5674 2135 5775 21'
