5717 6575
500 633 552 708 52
1283 625 1513 698 EXCURSUS
1530 626 1697 698 PRIMUS

419 858 421 862 ’
501 809 912 978 λάλλῖλὲιὲλῗάῗῗ
933 810 1344 977 bllll‘iissi'ssfflbilli
1357 815 1512 964 labiim
1540 810 2237 986 bll'lbbilldlbil'daliwi
2254 809 2277 962 l
2297 808 2502 964 ”iiiiii

505 982 586 1049 datio
609 981 740 1066 quamvis
762 991 793 1045 et
813 918 935 1068 brigidae
949 981 1082 1047 Graecae
1098 984 1214 1049 rationo
1236 993 1267 1049 et
1288 984 1431 1050 historiae
1452 921 1599 1050 ediscens
1621 984 1855 1069 commendetur,
1878 923 1976 1049 taddeo
1998 985 2054 1050 toti
2074 984 2141 1050 loco
2163 982 2300 1049 duritiem
2320 982 2414 1048 insert
2434 1006 2525 1065 norr-

464 1123 466 1127 ,
502 1065 665 1134 serendam.
708 1064 840 1129 Primum
861 1067 950 1151 eninr,
972 1074 1005 1131 ot
1027 1067 1084 1132 'am
1105 1066 1262 1133 Fabricius
1283 1069 1406 1151 monuit,
1427 1069 1531 1134 matris
1552 1089 1659 1135 nomen
1680 1068 1836 1135 molestum
1857 1075 2014 1157 astatque
2036 1067 2173 1152 ebenum,
2195 1067 2382 1133 com'statim
2403 1067 2500 1153 subji-

503 1151 611 1220 ciatur:
642 1144 743 1226 ὁτῆς
758 1148 894 1226 Ἀττίας
915 1188 954 1200 -
976 1149 1047 1226 olor
1068 1171 1098 1214 κ.
1120 1172 1149 1215 τ.
1170 1151 1202 1216 λ.
1243 1152 1362 1218 Deinde
1382 1152 1461 1217 idem
1482 1153 1656 1219 monendum
1685 1162 1734 1218 est
1760 1151 1796 1218 de
1817 1154 1936 1218 nomino
1957 1151 2062 1242 patris,
2084 1152 2166 1238 cujus
2188 1151 2424 1218 commemoratio
2446 1152 2501 1219 laic

503 1237 618 1327 pariter
644 1255 864 1322 supervacanea
884 1242 949 1320 est,
971 1256 1035 1301 cum
1055 1235 1144 1324 paulo
1164 1243 1235 1326 post
1253 1235 1386 1324 legatur:
1406 1234 1559 1322 ὀρφανὸς
1580 1236 1617 1302 δὲ
1636 1233 1703 1302 άπὸ
1724 1236 1786 1302 τοῦ
1805 1232 1999 1302 Ὀκταουΐου
2020 1236 2080 1301 τοῦ
2099 1234 2227 1324 πατρὸς
2246 1234 2358 1301 κ.τ.λ
2399 1234 2501 1303 Prae·

503 1322 595 1388 misso
621 1318 716 1406 igitar
741 1320 835 1407 patris
857 1326 889 1385 et
914 1319 1016 1385 matris
1038 1320 1157 1386 nomine
1176 1320 1264 1410 plane
1286 1321 1384 1388 otiosa
1404 1332 1483 1391 sont.
1525 1320 1561 1387 ld
1582 1344 1648 1389 cam
1675 1319 1779 1413 procul
1805 1321 1893 1389 dnbio
1915 1321 2063 1388 sensisset
2082 1319 2436 1409 &ungam-Cronius
2457 1318 2500 1388 ad

380 1462 388 1475 .
504 1405 642 1472 Suetonii
668 1406 748 1491 Aug.
770 1426 797 1469 c.
817 1403 863 1485 7,
889 1404 1056 1495 suspicatus
1078 1412 1140 1489 est,
1165 1427 1205 1471 n.»
1218 1401 1372 1481 Καιπίας
1392 1414 1489 1473 ortum
1511 1426 1580 1472 esse
1601 1427 1641 1473 ex
1661 1429 1692 1472 n.
1713 1404 1870 1494 Καῖσαρ,
1911 1405 1968 1472 uod
1990 1427 2097 1473 nomen
2111 1405 2173 1472 Dio
2194 1406 2326 1471 sortasse
2346 1426 2401 1494 per
2421 1425 2500 1495 pro-

503 1490 601 1581 lepsin
623 1487 756 1553 dedisset
774 1488 925 1576 Augusto.
966 1488 1054 1554 Hanc
1076 1489 1274 1574 conjecturam
1295 1499 1449 1579 praestare
1469 1490 1687 1557 Perizonianaa
1707 1490 1868 1576 facilitate,
1891 1428 2030 1557 lubenter
2057 1488 2202 1572 concedo;
2230 1503 2264 1555 at
2284 1489 2333 1577 qui
2353 1489 2418 1554 lieri
2439 1510 2501 1577 po-

505 1574 612 1656 merit,
641 1585 675 1638 ot
694 1572 878 1638 notissimum
905 1571 986 1638 istud
1013 1594 1121 1639 nomen
1144 1573 1281 1660 Καῖσαρ
1310 1596 1328 1639 a
1355 1573 1504 1660 librariis,
1530 1576 1611 1641 lacta
1638 1574 1729 1641 veluti
1750 1576 1987 1663 conspiratione,
2022 1574 2054 1639 in
2075 1595 2182 1641 nomen
2203 1572 2349 1639 Romanis
2370 1593 2499 1662 prorsus

503 1656 688 1746 incognitum
708 1665 889 1741 mutaretor,
906 1656 1006 1723 tamor
1026 1679 1073 1723 me
1094 1679 1155 1723 non
1175 1657 1362 1746 intelligere3
1384 1657 1468 1741 ,noir
1495 1666 1529 1725 nt
1549 1658 1644 1726 dicam
1665 1657 1703 1724 de
1743 1659 1819 1725 rinei
1838 1660 1869 1726 io
1890 1681 1917 1727 ο.
1937 1658 1985 1743 5.,
2006 1657 2084 1746 qood
2103 1657 2148 1723 illi
2166 1658 2355 1744 conjecturae
2368 1655 2500 1723 aduersa

503 1744 606 1811 fronte
626 1762 795 1843 repugnare
816 1741 988 1823 arbitror*).
1029 1740 1080 1808 Er
1100 1741 1201 1807 Dione
1222 1764 1277 1807 sua
1297 1742 1397 1808 bausit
1417 1743 1556 1809 Zonaras
1577 1742 1689 1810 Annal.
1742 1744 1796 1809 ibr.
1818 1680 1859 1811 X
1884 1765 1910 1811 c.
1933 1743 1998 1809 la:
2026 1737 2204 1891 ilardptsor
2232 1742 2270 1808 dl
2297 1739 2428 1823 Γάϊος,
2457 1735 2500 1816 ὃς

505 1827 566 1891 καλ
587 1821 680 1899 Hiar,-
700 1821 895 1908 ωνόμαστο,
917 1821 1000 1891 α’δελ
1029 1824 1069 1903 ἧς
1090 1827 1151 1889 του
1172 1822 1349 1913 Καίσαρος
1369 1818 1414 1906 ἦν
1434 1825 1506 1902 υἷάς
1526 1848 1558 1890 κ.
1580 1849 1609 1892 τ.
1631 1828 1661 1891 λ.
1703 1827 1761 1903 Qui
1793 1828 1908 1915 quidem
1936 1827 2019 1894 locos
2040 1849 2101 1893 non
2135 1828 2210 1892 atuit
2230 1826 2258 1891 F
2260 1825 2415 1901 abriciom,
2439 1824 2499 1891 sed

504 1911 652 1995 lectionis
674 1931 749 2059 puae
770 1909 802 1975 in
824 1909 898 1977 Cod.
951 1933 992 1976 ¹.
1041 1931 1151 1976 orrarae
1164 1910 1314 1976 invenitur
1336 1912 1395 1975 καὶ
1415 1906 1526 1999 Πίους
1546 1911 1706 1978 insolentia
1727 1934 1761 1978 so
1781 1912 1917 2000 impediri
1936 1931 2044 2003 passos
2065 1919 2113 1976 ost
2133 1932 2190 1998 quo
2212 1911 2308 1977 minos
2329 1910 2404 1976 locri
2420 1908 2499 2059 prid

505 2002 676 2086 caperata
723 1993 934 2060 emendandum
987 1994 1127 2077 ionem‘).
1169 1993 1216 2060 Ac
1237 1995 1360 2086 primum
1382 1996 1459 2082 quod
1487 1995 1524 2061 ad
1553 1997 1677 2062 formam
1698 1996 1825 2062 nominis
1845 1997 1927 2063 illios
1956 1994 2032 2061 aud
2053 1994 2204 2061 Zonaram
2226 1995 2335 2061 attinet
2371 1994 2418 2058 eri
2439 2014 2498 2060 ens

505 2090 570 2164 est,
602 2088 737 2144 neutram
757 2079 914 2144 lectionem
936 2074 1031 2152 Πίας
1051 2087 1083 2143 et
1104 2073 1213 2154 Πίους
1234 2080 1392 2178 genuinam
1414 2102 1491 2146 esse.
1534 2081 1650 2146 Nomen
1672 2080 1815 2146 Latinum
1836 2080 1887 2145 Pu·
1914 2080 1950 2144 ab
1979 2101 2045 2146 rso
2067 2079 2188 2144 Zonara
2208 2078 2295 2146 Libr.
2315 2045 2391 2144 Xll.
2414 2100 2440 2145 c.
2466 2077 2498 2144 l.

504 2166 661 2233 formatum
683 2173 713 2228 et
734 2174 888 2227 exaratum
916 2172 965 2227 est
986 2163 1082 2237 Πίος.
1125 2163 1177 2228 Sic
1204 2173 1293 2227 otram
1317 2164 1376 2230 Dio
1398 2163 1522 2231 Cassios
1543 2164 1631 2230 Libr.
1652 2164 1802 2232 XXXIV.
1824 2164 1852 2229 F
1853 2185 1949 2252 ragm.
1973 2100 2088 2232 Clb'lll.
2110 2163 2179 2232 Vol.
2202 2163 2228 2230 Ι.
2249 2182 2279 2252 p.
2301 2160 2373 2228 102
2395 2161 2497 2228 Stra:

498 2245 579 2317 Ὅτι
601 2243 714 2323 ὁυὶὁς
735 2247 795 2310 τοῦ
817 2243 1058 2312 Μετέλλου-
1088 2242 1171 2332 ὑπὲρ
1199 2247 1261 2312 τοῦ
1288 2245 1350 2313 τάν
1371 2247 1504 2336 πατέρα
1534 2247 1718 2314 κατελθεῖν
1739 2247 1904 2329 ἱκέτευεν,
1930 2241 2017 2313 ὥστε
2040 2247 2100 2312 καὶ
2121 2246 2231 2331 Πίος,
2258 2243 2356 2311 τοῦτ’
2383 2240 2498 2329 ἔστιν,

505 2329 648 2417 εὐσεβής
667 2329 955 2415 ἐπονομασθῆναι,
996 2300 1129 2397 llostbac
1151 2332 1323 2416 usuvenit,
1345 2340 1391 2414 ut,
1414 2333 1464 2420 qui
1485 2334 1541 2399 boc
1563 2355 1727 2419 cognomen
1748 2331 2127 2421 assumpserantllomani,
2149 2353 2168 2397 a
2189 2330 2382 2421 scriptoribus
2397 2328 2499 2397 Grae·

504 2419 549 2487 ds
571 2416 791 2506 appellarentur
811 2413 986 2496 Εάσεβεῖς.
1028 2414 1082 2481 Sic
1113 2413 1188 2480 idern
1218 2415 1268 2481 ille
1294 2416 1438 2482 Metellus
1461 2417 1498 2482 ab
1519 2417 1657 2507 Appiano
1678 2416 1716 2483 B.
1739 2416 1804 2485 civ.
1825 2416 1914 2484 Libr.
1936 2416 1962 2483 1.
1984 2438 2010 2482 c.
2031 2415 2097 2483 33.:
2129 2411 2206 2479 ἀλλ’
2226 2410 2246 2480 ὁ
2266 2417 2331 2499 μὲν
2350 2414 2434 2491 παῖς
2455 2411 2497 2478 ἐκ

505 2502 608 2582 τῆσδε
631 2501 692 2578 τῆς
711 2494 823 2582 ὄψεως
843 2496 1001 2590 Εάσεβιὶς
1025 2497 1059 2575 ἐς
1080 2496 1118 2564 τά
1149 2494 1267 2565 ἔπειτα
1293 2496 1438 2581 ἐκλήθη.
1480 2500 1541 2570 llis
1568 2501 1741 2591 praemissis
1770 2500 1899 2569 dubitari
1923 2498 2026 2591 nequit
2047 2500 2117 2590 quin
2138 2509 2221 2567 certe
2241 2499 2319 2590 apud
2340 2498 2497 2566 Zonaram

504 2584 692 2655 scribendum
713 2585 766 2650 sit:
794 2578 833 2657 ὃς
853 2582 913 2646 καὶ
934 2584 1025 2659 ΙΙῖος
1044 2580 1109 2650 ooo
1160 2604 1230 2648 στο.
1667 2649 1671 2657 ,
1793 2638 1797 2646 .

664 2669 732 2736 Jam
752 2666 908 2733 ridendum
930 2678 993 2750 est,
1015 2667 1082 2755 quid
1116 2690 1170 2735 oco
1192 2667 1339 2736 Cassiano
1359 2668 1526 2735 laciendum
1547 2670 1597 2738 sit.
1639 2668 1725 2736 Nibil
1745 2668 1902 2755 lucramur,
1925 2669 2019 2737 diviso
2040 2664 2325 2743 nomincKaeru'ac
2345 2666 2374 2734 si
2394 2686 2497 2733 emen·

505 2755 604 2823 datius
624 2755 794 2820 scribimus:
824 2747 843 2815 ὁ
869 2746 1062 2827 Ὀκταούϊος
1086 2753 1153 2817 καὶ
1176 2752 1274 2828 Hier.
1315 2752 1392 2819 Eam
1419 2756 1655 2840 conjunctionem
1681 2754 1748 2842 ipsa
1773 2754 1929 2820 Graecitus
1950 2755 2080 2843 respuit,
2107 2753 2237 2840 quamvis
2264 2774 2375 2841 magma
2398 2750 2497 2817 Dioni

505 2840 626 2931 propria
647 2838 687 2903 sit
707 2835 829 2901 licentia
848 2836 880 2901 in
900 2837 1060 2902 Nominum
1080 2836 1274 2925 Proprioruur
1295 2837 1501 2905 collocatione.
1543 2838 1646 2905 Habet
1661 2839 1724 2923 jam
1745 2839 1886 2905 articulus
1907 2838 1944 2903 ad
1966 2860 2073 2904 nomen
2086 2837 2200 2925 gentile
2216 2839 2360 2926 repetitos
2381 2834 2422 2902 ali
2443 2834 2497 2903 nid

506 2922 699 3004 offensionis,
741 2942 778 2985 oa
799 2919 988 2985 Perizonium
1009 2920 1159 2987 indoctum
1186 2943 1255 2986 esse
1279 2922 1428 3010 suspicor,
1457 2931 1491 2988 ut
1517 2921 1704 2988 scribendum
1725 2924 1900 3009 conjiceret,
1927 2918 1947 2986 ὁ
1969 2921 2003 2984 Γ
2001 2920 2078 2997 olibe
2099 2918 2119 2985 ὁ
2137 2916 2330 2986 Ὀκταουΐου
2349 2942 2389 2987 sc.
2413 2915 2497 2995 υιός.

505 3009 595 3076 Alias
614 3005 693 3071 solet
712 2943 774 3070 llio
795 3005 907 3100 nomiari
932 3004 1040 3093 gentili
1060 3015 1112 3070 aot
1132 3005 1301 3092 cognomini
1347 3015 1507 3095 ostponere
1526 3027 1706 3095 praenomen
1738 3028 1803 3072 cum
1831 3007 1977 3086 articulo,
2005 3015 2039 3072 nt
2067 2993 2302 3103 ὁΓράκχοςά
2329 3002 2496 3089 Ίὶβέριος,

505 3092 579 3159 του
611 3088 655 3173 cip
676 3088 718 3166 dri
741 3085 929 3170 Κικεροινος
956 3087 1016 3153 τοῦ
1042 3085 1195 3173 Μάρκου
1219 3088 1306 3173 μετά
1326 3027 1436 3156 l'o'dov
1461 3085 1651 3171 Ἀντωνιου,
1680 3089 1741 3155 τοῦ
1762 3086 1935 3177 Καίσαρος
1960 3092 2021 3155 τοῦ
2045 3089 2214 3179 Λουκιου,
2240 3090 2300 3155 τοῦ
2321 3085 2434 3155 Καίσα
2458 3107 2498 3165 ος

506 3172 566 3243 τοῦ
588 3169 739 3252 lovi-iou,
761 3167 780 3236 ὁ
802 3169 991 3272 Πομπήϊος
1011 3169 1033 3235 o‘
1054 3172 1192 3251 Γναῖος,
1214 3173 1309 3239 etita
1329 3175 1359 3240 in
1381 3175 1544 3241 innumeris
1565 3175 1633 3240 aliis
1655 3175 1769 3255 locisfi)
1793 3176 1833 3242 Et
1853 3178 1902 3263 qui
1917 3175 2122 3242 Libr.XLll.
2144 3197 2170 3242 c.
2181 3174 2228 3241 15.
2250 3175 2371 3264 scripsit
2385 3172 2497 3266 Map-

504 3283 565 3327 κον
586 3256 795 3343 Μάρκελλον
816 3255 1038 3345 Αισερυῑνον,
1064 3259 1101 3324 ab
1128 3258 1231 3325 eodem
1252 3260 1393 3350 scriptum
1418 3261 1545 3349 legimus
1565 3260 1653 3328 Libr.
1675 3259 1792 3340 XLVl.
1815 3282 1841 3328 c
1862 3259 1914 3329 49.
1937 3257 1956 3325 o‘
1978 3254 2120 3336 Κάσκας
2144 3254 2164 3325 ὁ
2191 3253 2366 3335 Πούπλιος
2391 3276 2410 3321 o
2432 3262 2497 3324 Σι-

568 3344 663 3418 ΐλιος.
706 3341 800 3430 Atqui
825 3364 889 3409 curn
917 3342 993 3410 idem
1019 3344 1106 3410 Libr.
1135 3343 1256 3410 XLlll.
1283 3367 1310 3411 c.
1336 3344 1388 3410 51.
1425 3346 1581 3434 scripserit
1608 3341 1627 3409 d
1654 3341 1836 3421 Πούπλιος
1868 3342 1887 3410 ὁ
1921 3339 2131 3426 Οὐεντίδιος,
2158 3366 2224 3410 non
2251 3355 2299 3410 est
2325 3341 2404 3431 quod
2424 3341 2497 3432 quis

505 3367 640 3500 Xidserit
662 3428 696 3494 in
712 3428 851 3514 junctura
872 3428 1028 3493 uerborum
1049 3426 1068 3492 ὁ
1089 3424 1125 3491 δὲ
1146 3426 1189 3505 dd
1211 3424 1317 3504 Γάϊος
1338 3425 1357 3493 ὁ
1378 3423 1580 3505 Ὀκταούιος.
1624 3428 1701 3494 Erat
1742 3451 1778 3496 uo
1801 3452 1859 3578 epo
1881 3431 2078 3515 conjectarem
2099 3430 2130 3493 in
2152 3423 2494 3502 mKoemioeclatcrev.

506 3513 650 3588 ΙΙίετας.
694 3513 730 3578 ln
752 3533 817 3577 eam
839 3512 1037 3597 conjecturam
1059 3533 1105 3577 me
1127 3511 1249 3578 deduxit
1268 3513 1330 3580 Dio
1353 3511 1492 3595 Cassius,
1521 3535 1618 3601 aquo
1639 3511 1756 3578 Libn'
1790 3511 2497 3595 bricamananius‚n1aroi'1rr·un-

507 3601 566 3668 viri
586 3600 692 3682 irater,
714 3596 841 3663 traditur
861 3594 921 3662 διά
942 3594 1007 3673 τήν
1026 3594 1112 3684 πρὸς
1137 3595 1199 3661 τὸν
1226 3595 1382 3684 ἀδελφάν
1408 3595 1664 3681 εὐσέβειανκαλ
1685 3593 1873 3679 ἐπωνυμίαν
1893 3593 2000 3683 ἑαυτῷ
2027 3592 2157 3662 Hieras
2181 3597 2264 3681 sive,
2286 3607 2320 3663 ot
2341 3595 2497 3663 macla

507 3688 574 3753 vim
594 3705 629 3748 ro
649 3683 699 3751 oni
726 3679 847 3764 moluit,
869 3674 1002 3755 Πίετας
1021 3678 1228 3749 ἐπιθέσθαι.
1271 3683 1372 3769 Atque
1397 3683 1430 3749 in
1458 3683 1543 3749 titulo
1569 3683 1701 3768 ejusdem
1728 3682 1797 3748 libri
1819 3682 1957 3750 Cassiani
1986 3683 2135 3748 invenitur
2154 3681 2276 3748 lemma:
2303 3682 2348 3746 A·
2375 3675 2497 3746 Ἀντά-

505 3791 577 3844 νως
599 3705 653 3835 ol
674 3764 748 3842 υἱὸς
769 3761 910 3839 Hieros:
932 3765 981 3831 nbi
1003 3787 1088 3860 quam
1109 3764 1216 3832 multas
1237 3767 1393 3854 rariusque
1413 3767 1470 3834 boc
1491 3789 1597 3835 nornen
1619 3766 1719 3834 subire
1739 3767 1836 3855 possit
1857 3767 2071 3856 corruptiones,
2093 3764 2272 3831 adnotarunt
2282 3765 2440 3832 Fabricius
2462 3775 2496 3833 ot

507 3855 645 3924 Sunius
666 3851 736 3921 Vol.
758 3850 800 3916 ll.
821 3872 850 3939 p.
872 3847 945 3915 568.
987 3848 1100 3928 berum
1127 3861 1234 3925 tauron,
1257 3851 1397 3917 Zonarae
1417 3852 1547 3919 Dionem
1576 3851 1776 3929 exscribentis
1794 3849 1860 3917 loco
1887 3849 2052 3916 accuratius
2073 3852 2219 3940 inspecto,
2239 3849 2328 3916 istam
2349 3849 2498 3938 sospicio-

505 3961 574 4009 nem
595 3938 700 4025 rejeci,
732 3934 860 4021 mihique
881 3934 969 4000 facile
990 3934 1139 4023 persuasi,
1161 3957 1180 3999 a
1200 3935 1301 4001 Dione
1320 3936 1462 4024 scriptum
1483 3958 1565 4002 esse:
1598 3932 1617 4001 ὁ
1639 3937 1675 4004 δὲ
1696 3933 1739 4012 δή
1761 3933 1870 4010 Γάϊος
1891 3933 1910 4000 ό
1931 3929 2141 4029 Ὀκταούϊος,
2162 3930 2198 4009 ὃς
2219 3934 2279 3998 καλ
2297 3934 2405 4014 Ilios,
2424 3922 2498 4016 (od-

506 4045 553 4089 ror
573 4023 640 4109 peip
663 4023 697 4070 -“
724 4014 932 4103 ὠνομάζετο)
953 4008 997 4093 ἦν
1014 4018 1078 4102 μὲν
1100 4038 1130 4081 κ.
1152 4039 1181 4081 τ.
1204 4018 1235 4083 λ.
1277 4020 1327 4086 De
1357 4041 1430 4084 vera
1456 4020 1593 4086 lectionis
1615 4021 1696 4106 vulg.
1718 4017 1869 4094 Καιπὶας
1892 4019 2114 4103 emendatione,
2146 4020 2232 4085 onius
2261 4018 2410 4085 litterulae
2431 4039 2497 4085 mo-

507 4109 620 4178 tatione
640 4106 735 4189 facta,
755 4125 859 4186 nemo,
892 4103 1011 4191 opinor,
1032 4102 1121 4168 facile
1142 4102 1294 4168 urbionis
1336 4103 1437 4190 Atque
1458 4103 1629 4170 Pronomen
1649 4100 1686 4175 ὃς
1712 4125 1797 4203 apuam
1818 4103 1907 4169 facile
1939 4103 2038 4168 verbis
2061 4101 2099 4169 de
2120 4125 2203 4168 more
2219 4102 2345 4189 junctim
2360 4101 2419 4169 scri
2442 4103 2496 4186 tis,

506 4193 637 4284 potnerit
657 4212 676 4256 a
693 4187 898 4278 praecedentis
919 4186 1047 4251 nominis
1068 4196 1201 4252 extrema
1222 4186 1339 4273 syllaba
1359 4188 1529 4269 absorberi,
1549 4189 1582 4253 in
1603 4188 1704 4254 oculos
1724 4188 1858 4254 rncurrit
1900 4153 1969 4254 dam
1989 4188 2109 4253 verbum
2129 4183 2323 4271 ὥνόμαστο,
2349 4123 2441 4275 qood
2456 4185 2497 4254 ds

507 4295 562 4344 suo
584 4275 683 4366 posuit
704 4273 852 4352 Zonaras,
874 4271 1007 4336 albione
1028 4279 1147 4360 poterat
1167 4271 1317 4337 coorrrrode
1336 4272 1433 4338 omitti
1454 4294 1489 4337 ac
1511 4271 1615 4338 lectori
1636 4271 1829 4360 supplendum
1850 4270 1994 4359 relinqui,
2026 4293 2091 4338 cum
2112 4270 2149 4338 ἐν
2168 4268 2498 4359 παρενθὲσειτάῇἰοο-

506 4373 569 4429 ret:
592 4351 1023 4444 οὕτωγάρ-άνομάζετο.
1066 4353 1150 4429 Quae
1170 4356 1262 4421 rerba
1283 4377 1347 4421 eom
1369 4357 1520 4422 omitteret
1541 4356 1693 4440 Zonaras,
1719 4356 1829 4422 Dionis
1850 4358 2051 4422 narrationem
2062 4379 2224 4445 excerpens
2242 4361 2274 4421 ot
2288 4353 2496 4444 inangostam

507 4467 636 4533 cogens,
660 4443 762 4508 debuit
781 4442 912 4506 scribere
933 4434 1120 4523 άνόμαστο.
1163 4439 1256 4527 Atqui
1276 4440 1329 4505 illa
1349 4442 1429 4529 ipsa,
1457 4463 1531 4529 quae
1552 4440 1628 4529 apud
1651 4442 1779 4506 Dionem
1801 4438 2031 4524 παρενθήκην
2051 4441 2199 4522 efficiunt,
2231 4460 2325 4504 meam
2346 4437 2404 4505 loci
2427 4461 2497 4508 cor·

506 4531 668 4597 rectionem
730 4527 814 4625 regie
834 4523 998 4591 stabiliunt
1039 4525 1118 4590 Nam
1139 4524 1166 4591 si
1188 4524 1320 4612 Augusti
1340 4535 1464 4590 nartrem
1486 4526 1628 4591 voluisset
1659 4545 1903 4606 commemorare,
1934 4523 2026 4589 scribi
2046 4523 2083 4589 ab
2105 4545 2141 4590 eo
2163 4523 2276 4606 debuit,
2298 4530 2332 4589 ot
2351 4523 2497 4613 scriptum

506 4635 576 4682 esse
597 4612 689 4679 voluit
738 4610 895 4678 ermonius.
938 4608 982 4675 At
1002 4631 1089 4697 qourn
1113 4609 1252 4697 subjiciat
1272 4631 1319 4675 vr.
1339 4599 1429 4674 οὕτω
1452 4646 1491 4660 -·
1514 4605 1533 4674 ὁ
1555 4610 1615 4687 τῆς
1633 4605 1765 4682 Ἀττίας
1785 4607 1848 4687 τῆς
1868 4607 1926 4673 τοῦ
1944 4602 2120 4693 Καίσαρος
2140 4602 2296 4695 adel-mdc
2314 4603 2400 4683 υἱός,
2432 4629 2498 4676 ma·

509 4783 615 4840 Octarii
637 4781 725 4835 mariti
745 4787 839 4835 nrorte·
873 4781 910 4834 Ut
931 4753 1000 4843 ἀνὴρ
1023 4794 1039 4831 s
1059 4818 1066 4833 .
1084 4780 1221 4845 Graecos,
1243 4777 1281 4832 ita
1304 4795 1348 4848 sp.
1368 4777 1480 4832 Latinos
1521 4780 1571 4833 nsit
1587 4779 1684 4831 dieseos
1701 4779 1836 4831 Zuuosaeo
1853 4778 1899 4830 des
1918 4777 2043 4830 θαιαυλυτ
2064 4776 2129 4829 srorb
2151 4753 2226 4832 alebi
2239 4785 2374 4844 υττιτσυι,
2390 4773 2430 4843 ΓΙ)
2453 4778 2497 4834 ets

508 4852 552 4906 eir
569 4850 727 4903 demerito:
749 4865 775 4900 v.
792 4850 961 4902 Hermannos
978 4847 1013 4898 sd
1052 4845 1172 4915 opboclis
1188 4843 1316 4900 Trachin.
1333 4861 1359 4900 r.
1374 4845 1436 4901 547.
1452 4852 1481 4900 et
1521 4847 1625 4900 aetates
1644 4846 1775 4913 Coeptus,
1797 4844 1904 4898 watelca
1928 4846 1978 4897 dos
2001 4843 2079 4898 ἰλιιεο
2101 4846 2143 4911 op't
2165 4845 2322 4914 bryepoerrde
2343 4845 2442 4912 coepto
2463 4847 2497 4900 b

399 4905 406 4916 '
507 4919 668 4977 eorunm
686 4913 1002 4969 πυκάσασα-ιο.
1020 4911 1090 4980 §.s
1522 4914 1571 4966 ron
1590 4913 1786 4965 cesennam
1809 4914 1859 4965 aer
1880 4913 2013 4965 samareus
2033 4913 2088 4965 ooo
2104 4913 2225 4965 rasam
2246 4929 2285 4965 ss
2305 4911 2497 4981 norme„

557 4987 587 5054 4)
597 4987 628 5039 ln
638 4985 760 5037 mandem
772 4983 951 5050 coniecturam
962 4980 1058 5034 incidit
1068 4981 1236 5034 Dramsnnrrs
1247 4980 1276 5034 irr
1286 4979 1388 5034 Histor·
1401 4981 1480 5035 Rom.
1521 4982 1610 5034 seban
1628 4998 1654 5035 n·
1664 4997 1693 5033 τ.
1710 4978 1789 5034 rr.“i

512 5057 572 5110 Vol.
590 5055 634 5107 lV.
657 5069 684 5121 p·
706 5051 765 5105 245.
787 5051 826 5104 ita
847 5050 982 5103 scribens:
1005 5050 1084 5113 „Dio
1104 5047 1175 5116 plebs
1198 5049 1251 5100 ibeo
1274 5051 1323 5102 deo
1343 5052 1482 5102 Ζυαυκιυπ
1590 5047 1620 5116 5)
1643 5048 1749 5101 videsis
1766 5049 1851 5102 Notas
1867 5046 1982 5101 Criticss
2005 5047 2041 5102 ad
2057 5047 2181 5101 Zonaras
2202 5046 2345 5102 amanum
2362 5046 2446 5103 rona
2462 5047 2498 5103 11

511 5124 643 5190 Caspiros,
660 5117 839 5172 erraterrat
856 5117 896 5169 bri
913 5118 1011 5169 λείποιο
1027 5118 1132 5169 Διιάυτο
1150 5116 1248 5179 firrrlrt,
1266 5115 1410 5186 uodvlreioe
1427 5119 1482 5169 Er·
1522 5133 1549 5187 p·
1566 5115 1614 5171 20.
1627 5115 1712 5171 Pa'ris.
1729 5117 1804 5169 1687.
1821 5115 1855 5170 F.

507 5191 620 5252 Νάννιον
635 5189 751 5242 πολιϊννι.
784 5188 824 5239 Es
842 5190 913 5238 ιυιῖτυ
926 5202 961 5237 ον
973 5183 1316 5263 sir-barboubefrerpdlr'ct,
1333 5199 1408 5236 sceno
1421 5187 1478 5238 eine
1589 5178 1767 5304 Gd·E¹em}¹⁸
1779 5186 1862 5236 allata
1875 5184 1909 5236 de
1928 5180 2233 5262 romptssnntstibr·
2245 5182 2365 5238 XXXIV·
2381 5182 2498 5251 Fragor

507 5242 689 5323 Beeeicbaaop
706 5255 751 5307 das
769 5261 858 5306 οντιτπ
875 5253 930 5304 aad
947 5250 1479 5305 beritbartrstrorborrscbroliatsrrsuos
1521 5251 1581 5319 86„
1626 5253 1676 5304 rbr·
1694 5251 1718 5303 X
1744 5251 1825 5303 Xb'll·
1844 5266 1868 5303 c·
1886 5200 1945 5316 ld,
1968 5251 2043 5306 Lrbr.
2065 5249 2333 5306 >ambolasse
2350 5249 2393 5304 40.
2413 5251 2499 5316 Τιρί-

508 5333 600 5379 zuerst
618 5325 672 5376 aad
688 5338 741 5375 sur
763 5320 844 5374 doceb
867 5320 943 5372 does
957 5319 1133 5387 ρτλατλίισλοιι
1152 5317 1418 5371 Gcsrbiclrtscbrer'bcr
1435 5318 1480 5369 be·
1522 5334 1579 5386 pror
1595 5313 1735 5374 Κλαύδιος
1752 5310 1767 5367 ὁ
1786 5317 1898 5387 Νέρων,
1918 5317 1965 5370 nbi
1988 5324 2077 5370 tamen
2098 5317 2223 5372 articulus
2245 5324 2307 5372 crate
2323 5333 2422 5373 nornen
2440 5317 2500 5372 at-

508 5393 590 5446 banot
611 5392 716 5452 abab,
738 5391 807 5442 deuo
828 5389 952 5440 Zonaras
974 5386 1047 5439 satu
1070 5385 1142 5439 aicit
1159 5386 1216 5437 urit.
1254 5383 1481 5438 Wobrscbca'ob‘cb
1522 5400 1580 5451 ρων
1595 5385 1625 5439 in
1641 5386 1795 5456 Cod.Med.
1813 5401 1837 5437 a
1854 5386 1881 5439 b.
1899 5385 1989 5452 abest,
2006 5391 2035 5439 et
2049 5387 2205 5454 plerumque
2223 5385 2251 5439 ia
2267 5385 2500 5442 mennonium

507 5457 609 5514 καλοῖτο
626 5457 744 5511 eroberr
770 5458 916 5519 vneror,
934 5457 979 5506 our
995 5454 1076 5507 duret
1093 5454 1298 5505 dieseozosotz
1314 5454 1404 5505 selaeu
1414 5453 1481 5504 llat-
1522 5469 1653 5507 cononrsn
1670 5453 1783 5529 omissos
1806 5457 1848 5505 est
1870 5452 1991 5506 aDione
2015 5468 2042 5509 r.
2065 5470 2089 5507 c.
2105 5452 2180 5507 Libr.
2198 5453 2279 5507 XLII.
2296 5469 2321 5507 c·
2338 5454 2382 5509 29.
2417 5449 2501 5506 nab·

508 5529 560 5582 ders
575 5541 627 5579 oorr
642 5526 749 5593 Assaemp
770 5523 812 5576 ols
834 5524 885 5576 ders
906 5521 1122 5589 Adoptio-Sota
1145 5522 1190 5572 des
1213 5523 1340 5573 Dictator
1362 5522 1418 5573 uod
1438 5521 1481 5573 als
1523 5520 1763 5587 nlrorlloprptror
1786 5518 1970 5588 Δολοβέλλας,
1991 5520 2065 5576 Libr.
2081 5520 2174 5573 Xlrlll.
2196 5536 2221 5575 e.
2237 5520 2281 5577 ld.
2304 5516 2392 5573 scitor
2406 5521 2500 5575 Kart-

507 5593 559 5650 aa
578 5589 667 5648 hbe·
685 5591 775 5648 crisa·
796 5589 887 5647 noras
907 5587 1093 5660 dosasdbreo.
1126 5589 1179 5641 Die
1199 5587 1370 5642 Abscbreiber
1389 5603 1482 5642 soom
1523 5580 2034 5664 rror‘RissdoretLib10XHV.e52
2049 5582 2361 5660 ΠούπλιοςΣυρουΐλιος
2370 5583 2500 5652 Κάσκας.
