5717 6575
430 619 481 695 58
1128 613 1156 685 1.
1198 613 1258 683 DE
1286 612 1501 691 CAESARIS
1528 605 1723 684 AUGUSTI

430 800 626 905 Caligulam
649 828 685 903 p.
714 799 826 878 1035.
854 799 912 877 ed.
935 800 1100 878 Francos.
1122 802 1299 879 Herodem
1320 803 1516 906 Agrippam
1537 801 1584 877 ad
1600 802 1709 878 iatum
1726 802 1977 902 huperatorem
2000 800 2045 877 de
2065 801 2254 904 Augusto,
2281 824 2419 903 prooro

428 925 527 1023 ejus,
550 920 760 995 scribentem
783 919 890 996 facit:
924 918 1282 1020 ,,φιλσσοφίας.οὐιι
1305 923 1438 1021 ίίκροις
1457 919 1596 1018 χείλεσι
1618 916 1867 1024 γευσάμενος,
1893 918 1979 994 ἀλλ’
2019 917 2193 996 ἐπίπλεον
2216 919 2423 1008 ἑστιαθεὶς,

429 1037 496 1117 καὶ
523 1035 662 1134 σχεδόν
693 1063 731 1112 τι
753 1040 847 1113 καθ’Ι
878 1035 1042 1135 ἑκάστην
1057 1037 1204 1138 ἡμέραν
1226 1034 1450 1138 ἑστιώμενος
1476 1036 1524 1114 τὰ
1549 1035 1623 1139 μὲν
1642 1033 1830 1136 μνήμαις,
1854 1029 1956 1132 ὥνὴ
1983 1034 2137 1113 διοίνοια
2159 1040 2423 1137 προμαθοῦσσ

408 1142 479 1234 Ιτοὶ
502 1154 725 1256 φιλοσοφίας
749 1153 936 1251 ἅνεπόλει,
960 1155 1009 1231 τοὶ
1034 1154 1076 1233 δὲ
1099 1157 1165 1233 καί
1188 1162 1272 1242 ταῖς
1293 1160 1381 1234 τῶν
1399 1155 1598 1235 συνόντων
1627 1153 1688 1233 ἀεὶ
1706 1152 1846 1258 λοχίαιν
1870 1153 2160 1250 συνδιαιτήσεσι.
2212 1154 2322 1230 Κατὰ
2345 1154 2423 1261 χδρ

429 1271 499 1359 τὰς
523 1276 565 1350 ἐν
589 1272 732 1375 δείπνῳ
756 1272 960 1360 συνουσίας
982 1273 1002 1352 ὁ
1028 1280 1197 1360 πλεῖστος
1216 1273 1357 1375 χρόνος
1389 1274 1595 1374 ἀπενίμετσ
1623 1278 1702 1360 τοῖς
1737 1272 1812 1349 ἀπὸ
1838 1271 2031 1371 παιδείας,
2053 1275 2121 1350 ἵνα
2149 1272 2204 1372 μὴ
2238 1271 2284 1349 τὸ
2310 1282 2426 1373 σῶμα

430 1373 554 1476 μόνον
561 1428 575 1465 ,
603 1373 699 1450 ἄλλα
717 1375 792 1452 καὶ
815 1374 839 1473 ἡ
863 1375 967 1476 φυχὴ
991 1382 1070 1461 τοῖς
1095 1375 1244 1461 οἰκείοις
1269 1376 1562 1477 ἅνατρίφοιτο.“
1571 1380 1640 1475 132)
1690 1377 1795 1477 Quae
1819 1378 1863 1453 ah
1887 1368 2025 1454 Judoeo
2042 1375 2237 1476 prudenter
2251 1385 2426 1453 exornate

432 1519 512 1571 ease
537 1504 573 1570 et
598 1495 823 1597 amplificata,
846 1522 914 1596 quo
936 1496 1064 1572 furtiua
1089 1498 1244 1572 animum
1268 1495 1353 1597 Goji
1375 1496 1501 1572 feriret
1527 1495 1660 1598 sibique
1685 1496 1906 1593 conciliaret,
1930 1495 2152 1571 manifestum
2177 1505 2242 1572 eat.
2292 1498 2425 1598 Augu·

432 1622 508 1691 sau
536 1611 702 1717 quddam,
729 1617 833 1691 etiam
858 1640 1016 1691 summae
1044 1612 1165 1691 rer'um
1189 1618 1286 1691 solua
1308 1615 1465 1717 potitus,
1500 1641 1582 1692 oum
1607 1615 1825 1718 philosophia
1851 1615 2035 1716 omnisque
2061 1617 2198 1717 generis
2224 1616 2426 1692 hominibus

383 1738 386 1751 “’
434 1730 546 1809 doctis
570 1735 790 1811 familiariter
813 1761 880 1836 per
904 1743 1015 1811 totam
1039 1735 1148 1829 vitam
1168 1747 1400 1811 'consuescere
1422 1734 1475 1810 ita
1498 1737 1668 1835 perrexit,
1690 1742 1731 1808 ut
1754 1760 1877 1809 eorum
1899 1736 2092 1809 conmetrmr
2118 1734 2244 1810 honori
2260 1736 2331 1811 sihi
2352 1731 2426 1808 du-

433 1860 527 1928 ceret
551 1877 592 1927 ec
613 1852 723 1929 laudi.
772 1855 831 1930 Ex
855 1855 921 1929 hoo
945 1879 1075 1955 genere
1096 1853 1162 1930 luit
1184 1859 1419 1952 Xenarchuo,
1451 1854 1618 1930 Seleucia
1647 1852 1839 1950 oriundus,
1861 1853 2137 1954 Peripateticus,
2164 1852 2264 1954 cujus
2288 1852 2427 1928 auditor

434 1970 551 2046 iuerat
573 1971 719 2068 Strabo,
744 1970 808 2075 'qui
843 1972 889 2048 de
921 1999 964 2049 eo
992 1972 1092 2049 Libr.
1114 1973 1217 2050 XIV.
1243 1999 1275 2048 o.
1295 1977 1334 2050 4.
1357 1984 1391 2066 §0
1416 1977 1455 2051 4.
1480 1974 1569 2048 haec
1600 1972 1725 2047 tradita
1758 1969 1945 2068 Ξέναρχος
1980 1968 2042 2058 δὲ,
2077 1963 2125 2046 οὗ
2147 1968 2426 2068 ἠκροασοίμεθα

434 2086 553 2186 ἡμεῖς,
579 2090 620 2166 ίν
644 2092 735 2190 οίκφ
755 2088 829 2190 μὲν
854 2091 900 2166 οὐ
925 2088 1022 2166 πολὺ
1048 2087 1257 2190 διέτριψεν·
1283 2090 1326 2165 ἐν
1344 2088 1601 2190 Ἀλεξανδρείᾳ
1623 2087 1665 2166 δὲ
1690 2086 1757 2164 καὶ
1773 2085 1974 2187 Ἀθήνῃσι,
1997 2087 2063 2164 καὶ
2082 2087 2126 2164 τδ
2150 2095 2368 2165 τελευταῖον
2382 2089 2426 2164 ἐν

429 2202 557 2306 ‘Pupp
579 2206 649 2284 τὸν
673 2205 920 2284 παιδευτικὸν
943 2206 1034 2308 βίον
1061 2205 1253 2325 ἑλόμενος·
1281 2203 1522 2308 χρησόμενος
1545 2206 1588 2284 δὲ
1613 2205 1679 2284 καί
1701 2213 1748 2305 τῇ
1765 2202 1911 2303 Ἀρείου
1935 2205 2042 2307 φιλίᾳ
2046 2259 2060 2296 ,
2087 2205 2154 2283 καὶ
2178 2206 2274 2305 μετὰ
2300 2213 2427 2284 ταῦτα

430 2320 482 2423 ’τῇ
508 2333 578 2401 τοῦ
602 2324 793 2423 Καίσαρος
814 2332 884 2401 τοῦ
908 2327 1133 2425 Σεβαστοῦ,
1154 2323 1336 2403 διετέλεσε
1357 2326 1468 2424 μέχρι
1482 2322 1608 2429 χήραις
1632 2329 1784 2422 ἐντομῇ
1810 2320 2012 2426 ἀγόμενος·
2037 2323 2176 2425 μικρὸν
2202 2323 2243 2406 δὲ
2264 2324 2427 2426 πρὸτῆς

436 2449 608 2538 τελευτῆς
633 2438 830 2544 πηρωθεὶς
850 2441 922 2540 τὴν
946 2445 1059 2545 ὅφιν,
1084 2443 1315 2546 κατέστρεφε
1338 2441 1442 2544 νόσφ
1464 2443 1536 2521 τδν
1559 2443 1660 2544 βίον.
1711 2444 1878 2520 Amicitia
1900 2445 1988 2520 Arei
2013 2471 2095 2520 cum
2119 2472 2302 2521 uauaesse
2325 2443 2427 2519 diea-

436 2569 498 2637 tur
522 2564 732 2639 Xenarchus
765 2564 923 2659 Romae,
954 2571 1116 2666 apertum
1143 2572 1218 2660 est,
1249 2590 1332 2640 eum
1352 2567 1429 2664 jum
1452 2571 1535 2640 aute
1559 2589 1690 2640 annum
1711 2564 1758 2640 U.
1782 2562 1825 2640 G.
1846 2567 1933 2640 725.
1966 2590 1996 2640 ε.
2027 2568 2108 2660 29.,
2133 2593 2201 2666 quo
2222 2566 2357 2641 Urbem
2379 2563 2427 2638 ah

437 2681 534 2757 Areo
557 2683 713 2757 relictam
735 2681 850 2758 irrisae
876 2682 1046 2780 vidimus,
1076 2681 1128 2757 ihi
1152 2680 1298 2758 docendi
1329 2708 1459 2760 munus
1484 2684 1692 2790 ¹rrurrcepiuae
1715 2689 1854 2783 etpost
1878 2684 1976 2757 illmn
2005 2707 2134 2757 annum
2165 2686 2199 2758 in
2223 2684 2428 2758 interiorem

437 2801 593 2901 Augusti
626 2801 897 2878 familiaritatem
930 2804 1072 2879 vennae
1096 2802 1216 2904 magni
1243 2802 1467 2876 aestimatum
1491 2801 1537 2877 ah
1565 2802 1785 2902 Imperatore
1807 2808 1844 2875 et
1874 2799 2179 2899 honoratmn133)
2229 2801 2353 2903 Neque
2374 2802 2428 2878 ai·

437 2918 545 2993 lentio
570 2918 847 3020 praetereundus
872 2929 926 2997 eat
947 2928 1176 3024 limupenea,
1200 2918 1462 3015 Alexandrinus
1487 2920 1546 2995 illo
1563 2921 1696 3015 rhetor,
1708 2929 1818 3022 'quem
1835 2925 1872 2993 et
1892 2920 2012 3020 ipsum
2035 2945 2163 3022 magna
2182 2919 2279 3021 opud
2297 2922 2430 3023 Angu-

439 3042 535 3115 stum
559 3039 676 3141 gratia
705 3037 920 3143 aliquamdiu
942 3039 1107 3116 floruisse
1129 3046 1165 3115 et
1188 3038 1456 3117 familiarissimo
1491 3063 1572 3115 earm
1594 3064 1637 3114 eo
1661 3040 1884 3138 conjunctum
1904 3040 2041 3115 viriam
2063 3045 2186 3114 notum
2211 3047 2278 3115 eat.
2293 3039 2366 3141 ¹³⁴)

591 3156 672 3235 Jam
695 3185 743 3233 cx
766 3160 838 3256 hio,
865 3184 954 3262 quae
972 3160 1144 3235 hactenus
1165 3155 1363 3260 disputavi,
1388 3157 1525 3258 liquido
1561 3165 1720 3236 constare
1742 3157 1913 3252 arhitror,
1939 3158 2212 3235 Athenodorum
2229 3166 2265 3234 et
2289 3165 2429 3237 Arcum

440 3298 554 3377 aeque
578 3300 622 3351 ac
642 3277 869 3356 Xenarchum
894 3286 930 3355 et
953 3278 1187 3381 ’limegenem
1211 3277 1367 3380 Augusti
1392 3278 1642 3381 magistrorum
1664 3276 1884 3353 numero'eo
1907 3277 1984 3352 looo
2010 3275 2247 3354 excludendos
2269 3303 2367 3375 ease,
2391 3285 2431 3355 et

441 3393 567 3496 potina
585 3394 777 3474 familiares
799 3401 877 3500 ejue
902 3422 944 3474 ao
969 3397 1235 3475 contubernales
1256 3394 1441 3473 habendos
1467 3395 1730 3498 dicendoaque,
1763 3387 1870 3497 quoa,
1904 3396 1936 3471 ai
1962 3396 2102 3496 pondo
2127 3423 2217 3498 opua
2238 3397 2432 3495 videmur,

441 3511 479 3586 in
509 3512 621 3589 rebus
652 3517 795 3617 privatio
834 3517 1054 3619 publicisque
1086 3516 1127 3591 in
1160 3515 1344 3593 eonsilium
1374 3514 1567 3593 adhiberet.
1616 3516 1735 3594 lllulto
1769 3522 1888 3591 autem
1922 3514 2040 3592 minua
2063 3511 2433 3619 Augmti—rnassiatria

443 3631 679 3710 accensendus
710 3643 766 3711 eet
793 3638 882 3713 alius
906 3634 1169 3713 Alexandrinus
1192 3633 1428 3735 Philosophus
1451 3632 1593 3712 Stoicus
1629 3642 1666 3710 et
1687 3634 1832 3709 Rhetor.
1883 3631 1921 3709 ls
1954 3641 2011 3708 est
2037 3638 2159 3712 Τίιεοιι
2182 3633 2343 3737 φείδεται,
2381 3634 2432 3711 de

444 3775 515 3852 quo
540 3751 671 3829 Suidoa
696 3753 804 3832 Tum.
826 3756 859 3832 1.
881 3782 920 3858 p.
947 3759 1059 3833 1874.
1083 3750 1219 3831 Gulusa
1241 3751 1400 3841 ,,Θίαιν,
1418 3749 1709 3858 Ἀλεξανδρεύς,
1741 3748 1949 3853 φιλόσοφος
1972 3750 2147 3835 Στωϊκὸς
2178 3751 2344 3855 χεχονιδς
2367 3751 2432 3829 ἐπὶ

442 3865 670 3972 Αὐγούστου
692 3871 789 3970 μετὰ
806 3874 995 3974 Ἄρειον(
1041 3873 1140 3950 llaec
1163 3869 1301 3950 Suidae
1321 3873 1435 3949 verho
1455 3872 1499 3949 C.
1522 3872 1585 3950 W;
1621 3870 1667 3948 de
1689 3873 1811 3948 Rhoer
1840 3872 1879 3947 in
1901 3871 2049 3945 Diaaert.
2075 3870 2121 3946 de
2143 3870 2251 3948 stud.
2276 3871 2364 3976 Litt.
2384 3871 2429 3951 G.

444 3988 541 4090 Aug.
559 3989 644 4067 ul.
671 4002 703 4084 §.
727 3998 764 4069 4.
789 4020 827 4095 p.
853 3996 914 4070 ll.
936 3993 987 4069 ita
1010 3993 1162 4091 accepit,
1199 3998 1239 4066 ut
1262 3988 1410 4066 Theona
1444 3991 1505 4066 illo
1535 3996 1619 4091 poet
1642 3990 1778 4065 Areum
1801 3992 1971 4091 maff'atro
1992 4015 2096 4065 uuum
2118 4015 2201 4066 esse
2225 3991 2431 4094 Auguatum

445 4104 593 4183 diceret.
643 4107 748 4209 Quia·
761 4120 879 4187 autem
899 4117 969 4209 est,
994 4110 1057 4213 qui
1081 4135 1153 4186 non
1176 4107 1356 4209 intelligat,
1381 4109 1467 4183 nihil
1491 4106 1589 4183 aliud
1619 4131 1643 4182 o
1668 4107 1782 4185 Suida
1803 4106 1960 4201 indicari,
1982 4133 2090 4207 quum
2114 4109 2297 4184 Theonem
2319 4111 2432 4188 nun

443 4222 633 4323 floruisse,
663 4228 827 4333 Augusto
849 4230 1061 4331 imperante,
1093 4234 1175 4331 poet
1205 4224 1339 4303 obitum
1360 4221 1475 4303 Arei?
1512 4227 1640 4302 Plures
1677 4227 1764 4301 item
1796 4225 1901 4302 fuere
1930 4226 2096 4302 Theonee
2129 4226 2333 4330 etquidem
2355 4236 2431 4307 troo

444 4342 551 4443 hujus
574 4346 726 4425 nominis
756 4346 891 4446 Stoici,
925 4346 1186 4424 Alexandrinus
1214 4347 1291 4440 ille,
1327 4344 1571 4421 Antiochenua
1597 4353 1632 4420 et
1655 4344 1893 4440 Tithoraeus,
1928 4353 1982 4421 ut‘
1994 4344 2113 4421 docuit
2130 4344 2189 4425 lo.
2214 4345 2359 4424 Jonaiua
2383 4344 2432 4425 de

446 4459 590 4565 Scriptt.
617 4466 706 4543 llist.
728 4466 863 4546 Philas.
886 4465 988 4547 Lihr.
1009 4466 1063 4546 Π.
1086 4490 1118 4544 ο.
1147 4469 1207 4543 18.
1232 4477 1267 4559 §0
1297 4468 1333 4542 1.
1382 4464 1464 4543 Jom
1486 4465 1572 4540 Arei
1594 4467 1770 4541 mentione
1791 4490 1864 4539 non
1887 4463 1957 4539 uisi
1978 4465 2070 4540 illiue
2095 4464 2253 4541 Theonis
2275 4473 2310 4542 et
2330 4474 2432 4545 uuae

447 4581 603 4658 etfama
636 4586 768 4689 ingenii
791 4585 1027 4691 significatur,
1069 4585 1235 4692 quoniam
1262 4589 1410 4687 uterque
1441 4580 1729 4683 Alexandrinus,
1770 4581 1910 4661 Stoicus
1934 4590 1970 4659 et
1993 4582 2276 4667 maturuerat
2324 4583 2433 4688 Quo·

517 4831 581 4901 1³2)
599 4835 674 4893 Quor
688 4834 767 4893 Philo
789 4840 908 4909 appellat
923 4834 988 4899 τούς
1003 4833 1062 4895 cirre
1079 4834 1222 4907 παιδείας,
1245 4836 1420 4893 Caraubonua
1461 4837 1517 4906 hit,
1538 4834 1708 4892 Xenarchum
1731 4836 1766 4891 ab
1787 4839 1861 4891 Areo
1883 4837 2093 4891 commendatum
2110 4853 2170 4891 eoae
2191 4838 2328 4907 hugueta,
2350 4845 2433 4908 qoam

451 4914 549 4971 relerri
570 4935 651 4988 poaae
673 4920 712 4977 ait
733 4922 769 4977 ad
785 4923 952 4993 σεσολοροι,
974 4938 1042 4994 quoa
1057 4938 1159 4978 coenae
1175 4922 1210 4976 ab
1226 4922 1348 4991 Arguato
1364 4921 1421 4976 fre-
1461 4922 1545 4975 multo
1562 4920 1716 4975 credibilior
1739 4920 1803 4976 mlhi
1820 4927 1874 4989 eat,
1897 4926 1927 4975 ut
1943 4920 2089 4975 ducamini
2105 4928 2133 4975 ct
2147 4922 2289 4975 olarimimi
2304 4922 2434 4993 σείστρου

450 5006 564 5070 quanter
580 5005 702 5060 admotoa
723 5022 784 5061 earo
799 5013 929 5063 memorat
945 5008 1087 5063 Suetonius
1103 5022 1129 5064 o.
1143 5004 1187 5063 74.
1206 5006 1315 5061 Baetim
1332 5012 1420 5061 autem
1462 5021 1513 5061 mn
1528 5011 1557 5060 et
1572 5006 1747 5059 coutubernio
1764 5021 1937 5074 ceruumque
1954 5007 2061 5059 domum
2077 5006 2283 5074 condecorant,
2300 5006 2340 5063 ita
2355 5008 2434 5063 illum

450 5083 525 5141 idem
540 5096 631 5145 monet
647 5091 718 5161 opud
734 5091 873 5147 Philonem
889 5092 1004 5162 intelligi
1019 5094 1140 5147 creditor
1149 5096 1178 5145 et
1187 5090 1344 5160 μλίίοίοροι,
1362 5091 1419 5160 qui·
1462 5106 1567 5160 quoque
1588 5089 1680 5158 magni
1695 5089 1810 5145 nominia
1820 5090 2026 5160 Peripateticum
2043 5097 2138 5162 apoute
2153 5091 2182 5149 io
2198 5106 2274 5147 auam
2290 5091 2436 5151 mutua·

452 5168 563 5227 huacnm
579 5174 673 5229 aolitoa
693 5175 729 5230 rit
743 5178 879 5245 Augurtna
899 5176 971 5232 inter
986 5177 1154 5233 manandum
1170 5176 1205 5230 de
1220 5175 1317 5230 littorio
1333 5175 1421 5229 diaca-
1461 5180 1543 5230 tatem
1560 5170 1715 5231 τδεσίιίεεε.

453 5261 531 5325 ptare
548 5260 593 5313 rel
607 5259 677 5313 inter
692 5276 723 5314 aa
740 5260 918 5330 moepunoaa
934 5262 1037 5317 audire.
1067 5259 1315 5332 ApudSuetouium
1326 5268 1420 5314 πεοισ-

454 5341 528 5408 topos
546 5358 606 5397 aare
620 5337 787 5414 ἡδυλόγουε,
803 5345 983 5417 tabulatam,
1004 5345 1033 5401 iu
1047 5345 1115 5403 toria
1131 5351 1160 5400 et
1175 5345 1297 5416 compitis
1312 5345 1421 5415 popello
1529 5340 1594 5412 184)
1609 5344 1653 5397 De
1671 5346 1810 5411 rumam
1831 5342 2029 5413 Alexandrino,
2051 5344 2109 5414 qul,
2125 5344 2268 5401 interdicta
2283 5345 2336 5418 iprl
2352 5347 2436 5404 domo

455 5425 572 5482 tunicato
595 5429 709 5484 fabellae
730 5445 842 5485 narrare
864 5430 973 5501 aolitoa,
995 5429 1087 5486 docuit
1107 5415 1259 5485 Lobe'ekiur
1274 5429 1303 5485 iu
1317 5430 1420 5498 aglae
1461 5428 1591 5497 Augusti,
1607 5428 1635 5483 in
1651 5428 1737 5483 Arioii
1752 5426 1883 5482 romoni·
1893 5428 2067 5482 contubernio
2080 5430 2232 5499 consenuit,
2249 5431 2362 5501 copioae
2377 5431 2437 5488 dia·

454 5506 545 5578 phem.
578 5512 657 5570 rona
672 5516 706 5570 ll.
722 5534 749 5586 p.
766 5515 836 5585 1316,
851 5532 891 5586 aq.
1463 5512 1536 5568 acroi
1555 5513 1584 5568 in
1600 5514 1749 5571 Commeat
1771 5513 1803 5567 δι
1817 5510 1924 5567 reuco
1941 5513 2091 5582 munao
2113 5514 2281 5572 Amineae
2303 5513 2437 5589 §aaa

521 5595 588 5668 1³³)
603 5598 753 5657 Brackeroa
768 5600 797 5657 iu
812 5601 883 5660 niae
900 5600 969 5661 crit.
983 5598 1084 5660 Philon.
1101 5597 1225 5659 romu
1242 5598 1338 5671 pti&
1353 5598 1422 5656 mi·
1463 5599 1516 5655 Ἥ
1532 5613 1591 5669 '‘ll-
