5717 6575
951 631 1745 733 punmnmmscrsrmsecsnuons.
2308 635 2359 712 59

368 834 515 935 propter
537 851 583 903 ne
603 830 740 901 certum
767 819 911 925 quidem
932 828 1007 918 est,
1042 821 1226 898 Theoncm
1249 822 1350 899 illum
1372 821 1513 898 Maras
1537 848 1704 924 umquam
1733 804 1870 926 luisse,
1902 817 2034 895 nedmn
2055 844 2139 895 eum
2176 820 2357 899 docentem

368 945 412 1025 ab
434 947 601 1048 Augusto
625 941 783 1017 auditum
819 966 898 1017 esse
926 939 1088 1042 adeoque
1112 940 1324 1016 familiarem
1346 945 1424 1043 ejus
1457 939 1686 1037 tactum1³⁵>
1736 940 1818 1016 Non
1848 948 1979 1015 temere
2001 948 2120 1014 autem
2150 941 2210 1015 ille
2232 941 2359 1016 'l'beon

366 1063 627 1146 Alexandrinus
664 1068 804 1162 putatur
840 1085 922 1135 esse
951 1061 1003 1154 is,
1035 1061 1095 1161 qui
1125 1067 1338 1135 memoratur
1371 1085 1393 1134 a
1428 1057 1646 1160 Quintiliano
1674 1058 1763 1135 Inst.
1792 1058 1857 1135 Or.
1880 1058 1980 1132 Libr.
2002 1059 2073 1134 ΙΠ.
2101 1084 2133 1133 e.
2158 1062 2195 1134 6.
2219 1069 2250 1150 e.
2273 1065 2359 1136 crs

367 1185 567 1284 „Fecenmt
591 1181 651 1256 elii
681 1178 827 1255 totidem
849 1185 977 1274 status,
1011 1176 1077 1253 sed
1099 1180 1206 1274 ahos,
1238 1180 1298 1257 Aa
1320 1175 1398 1256 cit?
1423 1183 1517 1269 Quid
1539 1175 1627 1256 sith
1643 1185 1756 1282 Quale
1780 1175 1859 1256 sit?
1888 1185 2073 1267 Quantum
2098 1174 2175 1255 sit?
2202 1185 2243 1251 ut
2268 1184 2360 1257 Coe·

367 1312 471 1385 cilius
496 1309 532 1379 et
558 1302 724 1380 Theon.“
774 1297 945 1374 Caecilims
972 1295 1040 1371 sub
1059 1296 1224 1398 Auguste
1245 1296 1386 1394 floruit,
1408 1297 1568 1398 cequahs
1594 1299 1673 1397 ejus
1697 1297 1825 1372 Theon
1848 1295 1918 1372 fuit
1937 1301 2049 1372 aetate
2074 1320 2232 1397 suppar,
2256 1323 2359 1374 eum.
2511 1287 2514 1291 ’

368 1448 439 1527 qne
461 1427 605 1500 Aelium
628 1416 911 1519 cognominatum
933 1440 1014 1491 esse
1037 1416 1086 1490 ait
1110 1416 1337 1520 Spaldingius
1363 1414 1408 1490 ad
1428 1414 1634 1517 Quintiliani
1655 1418 1679 1492 1.
1706 1442 1738 1492 c.
1762 1413 1841 1496 Vol.
1863 1413 1893 1491 l.
1916 1443 1953 1516 p.
1979 1419 2079 1492 511.¹
2115 1413 2255 1514 Scripta
2279 1421 2358 1517 ejus

368 1541 436 1641 due
460 1537 599 1643 profert
621 1534 774 1632 Suidas,
800 1562 890 1638 quae
911 1535 1135 1610 interierunt:
1151 1535 1470 1638 Progymnasmata
1489 1537 1583 1611 enim
1612 1559 1706 1635 quac
1730 1533 1904 1635 hodieque
1920 1540 2062 1608 exstant
2084 1540 2118 1606 et
2143 1530 2239 1634 apud
2253 1534 2359 1610 Wel·
2467 1584 2470 1591 ,

369 1663 462 1741 aium
483 1658 629 1735 Rhetor.
655 1655 780 1732 Gracc.
808 1652 888 1732 Vol.
911 1655 944 1731 Ι.
968 1680 1005 1755 p.
1030 1657 1116 1731 137.
1143 1659 1179 1727 et
1205 1658 1439 1731 les—257.
1474 1655 1660 1756 legrmtur,
1689 1650 1881 1728 admodum
1907 1650 2073 1727 vdubium
2106 1659 2163 1728 est
2194 1678 2236 1727 ac
2272 1680 2360 1729 eon·

368 1788 580 1869 traversum,
609 1801 695 1849 nam
715 1774 843 1853 rhetori
871 1773 922 1849 illi
946 1766 1192 1849 Alexandrino
1222 1769 1452 1847 adscribenda
1474 1773 1564 1869 sint,
1599 1776 1643 1847 ut
1675 1769 1828 1847 ostendit
1851 1770 2140 1848 Westcrmannus
2162 1771 2199 1845 in
2226 1773 2359 1852 Hister.

367 1898 470 2000 uoq.
495 1895 621 1975 Graec.
647 1905 679 1985 §.
704 1899 768 1971 88.
787 1893 832 1968 N.
859 1896 921 1971 26.
947 1901 983 1969 ct
1006 1901 1039 1983 §.
1065 1893 1128 1968 98.
1151 1889 1197 1967 N.
1223 1896 1284 1968 17.
1310 1898 1345 1965 et
1368 1895 1430 1967 20.

516 2014 682 2115 Denique
703 2012 926 2114 fuerantqui
952 2011 989 2085 in
1009 2009 1164 2110 Augusti
1189 2011 1435 2110 magistrorum
1456 2033 1605 2085 numero
1630 2034 1672 2084 ao
1705 2011 1783 2085 loeo
1809 2007 1978 2084 haberent
2002 2007 2109 2084 etiam
2137 2012 2359 2112 Theopmem

370 2132 674 2225 Mathematicum,
698 2120 1010 2206 commemoratum
1031 2153 1052 2203 a
1070 2128 1244 2205 Suetonio
1271 2154 1301 2204 c.
1315 2131 1399 2205 94.2
1425 2129 1497 2226 „In
1519 2153 1664 2204 secessu
1677 2129 1886 2228 Apolloniae
1902 2127 2107 2230 Theogenis
2125 2129 2377 2207 mathematici

368 2254 550 2356 pergulam
565 2252 689 2327 comite
697 2249 860 2351 Agrippa
879 2245 1122 2342 adscenderat,
1146 2274 1255 2349 quum
1264 2247 1465 2349 Agrippae,
1483 2249 1541 2350 qui
1561 2247 1663 2348 prior
1683 2246 1898 2342 consulebat,
1918 2272 2046 2349 magna
2064 2255 2098 2322 et
2115 2272 2228 2348 paene
2240 2250 2358 2351 inere·

367 2370 487 2448 dibilis
511 2369 808 2472 praedicerentur,
833 2368 981 2443 reticere
1002 2367 1085 2468 ipse
1100 2367 1303 2468 genituram
1320 2392 1421 2442 suam
1438 2392 1504 2442 nee
1523 2369 1613 2441 velle
1639 2364 1745 2441 edere
1771 2365 2033 2468 perseverabat,
2053 2374 2150 2459 mehr
2173 2392 2215 2442 ae
2236 2367 2358 2469 pudo·

367 2516 417 2589 re,
442 2514 490 2564 ne
512 2492 629 2564 minor
649 2486 879 2563 inveniretur.
915 2485 997 2586 Qua
1013 2494 1143 2581 tamen,
1167 2492 1249 2584 post
1272 2487 1399 2561 multas
1414 2484 1686 2581 adhortationes,
1711 2485 1777 2560 vix
1800 2491 1835 2559 ct
1858 2492 2061 2559 cunctanter
2081 2482 2185 2580 edita,
2211 2490 2358 2565 exsiluit

368 2608 580 2711 Theogenes
603 2606 829 2705 adoravitque
854 2608 974 2681 eum.“
1022 2606 1125 2680 Unus
1145 2602 1337 2680 Suetonius
1362 2610 1613 2679 commemorat
1643 2604 1737 2677 hune
1764 2603 2009 2704 Theogenem,
2035 2601 2177 2679 obscuri
2207 2609 2358 2686 nominis

368 2726 566 2821 hominem,
597 2750 713 2825 neque
737 2748 781 2798 ee
807 2724 970 2819 consilio,
995 2730 1037 2797 ut
1059 2726 1169 2797 ullam
1193 2723 1354 2825 magistri
1378 2731 1439 2798 aut
1469 2721 1651 2798 familiaris
1683 2719 1976 2811 necessitudinem
1997 2722 2160 2823 Augusto
2187 2750 2266 2800 eum
2288 2727 2357 2803 iste

368 2844 507 2935 bomine
528 2844 767 2921 intercessisse
791 2841 990 2944 significare
1011 2844 1107 2939 velit,
1131 2842 1265 2944 quippe
1286 2868 1457 2920 enarrans
1473 2842 1524 2916 ibi
1543 2866 1587 2917 ea
1599 2848 1747 2936 tantum,
1771 2865 1864 2941 quae
1879 2839 2044 2940 Augusto
2065 2848 2099 2915 et
2122 2825 2234 2943 prius,
2251 2870 2357 2947 qamrn

368 2972 579 3060 nasceretur,
604 2969 639 3037 ct
654 2963 735 3061 ipso
754 2960 812 3049 die
830 2962 940 3036 natali
956 2986 997 3037 ae
1015 2957 1182 3062 deinceps
1203 2963 1394 3057 evenerint,
1416 2961 1545 3062 quihus
1561 2959 1681 3036 lutura
1700 2955 1902 3060 magnitudo
1924 2965 2001 3057 ejus
2023 2965 2057 3033 et
2080 2970 2251 3061 perpetua
2274 2962 2358 3039 feli-

370 3085 454 3161 citas
464 3081 603 3183 sperari
621 3078 920 3183 animadvertique
940 3088 1075 3180 posset,
1089 3079 1266 3182 atquibus
1282 3080 1415 3157 laetum
1430 3073 1547 3178 luerit,
1562 3088 1603 3156 ut
1617 3086 1751 3154 tantam
1764 3077 1930 3152 fiduciam
1946 3077 2008 3151 sati
2023 3077 2177 3153 baberet.
2202 3082 2358 3160 Proinde

367 3226 436 3290 non
466 3200 645 3303 intelligo,
677 3226 746 3302 quo
775 3204 859 3301 jure
890 3201 948 3273 illc
980 3199 1158 3301 magistris
1182 3200 1338 3303 Augusti
1369 3200 1547 3274 accenseri
1575 3198 1768 3300 queat¹³⁶)
1818 3195 1935 3273 Nihilo
1962 3206 2078 3272 tamen
2103 3198 2218 3274 secius
2241 3227 2358 3305 nuper

366 3321 593 3414 Drumannus
616 3321 653 3395 in
675 3320 809 3395 Hister.
831 3319 1029 3395 Romvm
1046 3317 1110 3395 IV.
1126 3345 1164 3419 p.
1177 3324 1263 3395 254.
1289 3321 1396 3394 istum
1418 3318 1706 3395 Mathematicmn
1726 3317 1843 3392 Roma
1868 3314 2057 3391 abductum
2076 3317 2189 3394 fuisse
2204 3321 2357 3421 Apollo·

367 3441 462 3518 mam
490 3465 644 3540 eumque
674 3438 807 3540 pariter
837 3446 942 3540 atque
971 3435 1231 3538 Apollodorum
1264 3438 1462 3533 rhetorem,
1494 3437 1660 3541 Augusto
1699 3433 1818 3510 datum
1850 3434 1894 3509 ab
1924 3437 2096 3511 avunculo
2127 3439 2290 3515 comitem
2314 3466 2357 3520 ae

368 3561 595 3662 magistrum,
624 3583 688 3659 pro
711 3563 808 3632 certo
830 3559 957 3658 posuit.
1009 3557 1101 3632 Huic
1127 3564 1247 3632 autem
1269 3557 1461 3632 sententiae
1489 3579 1593 3656 quam
1614 3581 1744 3656 parum
1766 3554 1979 3655 suffragetur
2003 3554 2214 3653 Suetonius,
2248 3558 2357 3637 modo

368 3675 601 3770 ostendimus3
632 3674 802 3750 secedunt
837 3676 944 3772 etiam
977 3676 1047 3749 alia
1080 3700 1192 3776 eaque
1216 3677 1425 3777 gravissima
1453 3699 1545 3773 quae
1569 3673 1811 3749 adversentur.
1861 3673 2021 3748 Primum
2044 3675 2140 3748 eninr
2166 3674 2358 3755 Suetonius

368 3821 459 3893 non,
484 3794 610 3890 eredo,
634 3795 841 3889 reticuisset,
865 3796 896 3870 si
918 3793 1130 3895 Theogenes
1148 3801 1224 3894 jam
1250 3794 1384 3868 Rornae
1407 3793 1559 3893 aliquam
1579 3792 1730 3868 nominis
1756 3783 1992 3868 celebritatem
2016 3790 2168 3894 adeptus
2185 3795 2224 3870 in
2245 3799 2357 3873 comi·

368 3920 480 3990 tetum
506 3914 552 3987 ab
570 3914 733 4015 Auguste
759 3920 965 4014 assumptus
988 3914 1126 3989 suisset.
1176 3911 1315 3988 Deinde
1339 3912 1469 3986 mirum
1495 3912 1654 4012 quemvis
1679 3911 1834 4006 babebit,
1851 3937 1915 3985 eur
1930 3910 2093 4012 Agrippa
2112 3912 2356 4015 etAugustus,
2506 3998 2510 4004 ,

369 4033 467 4109 ilum
494 4031 530 4108 si
561 4033 697 4114 Rornae
729 4035 806 4131 jam
839 4033 1017 4132 cognitum
1056 4031 1277 4127 habuissent,
1311 4027 1521 4131 Apolloniae
1556 4029 1700 4123 demum
1734 4028 1778 4105 de
1810 4029 1973 4131 genitura
1996 4055 2063 4105 sua
2087 4032 2357 4112 consrduisscnt.

369 4151 494 4250 Perre,
515 4158 555 4225 ut
577 4151 735 4226 omittam
760 4175 937 4251 quaerere,
960 4150 1042 4252 qnid
1062 4151 1183 4251 juveni
1209 4148 1254 4224 ad
1276 4150 1360 4224 belli
1385 4160 1478 4225 artes
1503 4148 1757 4224 conformando
1782 4141 1905 4249 eisque
1930 4147 2128 4225 exercendo
2146 4150 2356 4251 profuturus

370 4269 496 4348 luisset
517 4270 705 4344 comitatus
728 4270 914 4370 astrologi,
950 4270 1036 4344 mihi
1059 4295 1131 4344 non
1151 4256 1298 4344 dubimn
1322 4275 1376 4344 est
1402 4270 1484 4370 quin
1516 4267 1629 4346 Julius
1660 4268 1808 4362 Caesar,
1850 4267 1884 4341 si
1925 4265 2010 4342 dere
2035 4269 2204 4345 voluisset
2225 4274 2357 4350 sororis

370 4413 456 4465 suec
474 4388 594 4488 nepoti
614 4387 903 4462 Mathematicmn
928 4395 965 4461 et
991 4390 1157 4480 comitem
1189 4396 1224 4462 ct
1255 4392 1485 4489 magistrum,
1521 4390 1631 4462 multo
1655 4387 1837 4459 clariorem
1867 4385 1935 4459 iste
1962 4385 2156 4487 Theogene
2179 4388 2357 4468 bominem

370 4506 532 4610 elegisset
554 4506 659 4607 hujus
684 4503 770 4580 artis
790 4504 1052 4604 professorem,
1079 4514 1120 4581 ut
1145 4506 1358 4608 Sosigenem
1382 4507 1622 4607 Aegyptium,
1651 4505 1785 4578 Romae
1809 4510 1884 4578 tum
1908 4513 2191 4582 eonnnorantem.
2242 4509 2362 4584 Deni··

370 4649 437 4727 que
456 4651 548 4702 voca
563 4626 792 4726 „per9cloe“
819 4624 904 4699 satis
921 4624 1064 4699 indicari
1087 4625 1251 4719 arbitror,
1276 4624 1504 4726 Theogcncm
1528 4624 1740 4724 Apolloniae
1754 4618 1875 4695 sedem
1900 4621 2060 4695 stabilem
2074 4648 2116 4697 ac
2137 4624 2356 4705 domicilium

369 4744 549 4831 habuisse,
575 4769 731 4846 emaque
752 4742 801 4816 ibi
822 4742 998 4817 borninem
1018 4769 1212 4844 pauperem
1228 4743 1294 4818 sub
1311 4743 1451 4844 teguriis,
1477 4740 1520 4816 ἐν
1541 4736 1716 4839 ὑπερῴῳ,
1742 4739 1930 4836 habitasse,
1956 4748 1996 4813 ut
2011 4741 2147 4836 Romae
2165 4742 2355 4845 Orbilium,

370 4870 511 4939 auctore
531 4863 701 4940 Suetonio
727 4858 774 4936 de
794 4860 929 4937 Illustr.
954 4861 1146 4938 Grammat.
1169 4888 1201 4937 c.
1226 4863 1266 4939 9.
1315 4859 1419 4957 Mihi,
1446 4866 1490 4934 ut
1511 4858 1644 4961 paucis
1659 4858 1774 4933 dicam
1797 4857 1893 4958 quod
1916 4860 2042 4955 sentio,
2066 4857 2207 4936 videtur
2230 4863 2371 4940 Theos

371 5007 481 5085 geues
503 4983 572 5058 iste
595 5005 644 5055 ex
667 5005 711 5055 eo
735 4978 845 5055 fuisse
880 5004 1011 5082 genere
1042 4980 1245 5073 bominum,
1285 4980 1347 5082 qui
1382 4978 1559 5055 communi
1585 4975 1841 5053 Ghaldaeorum
1870 4977 2010 5052 nomine
2040 5004 2106 5079 per
2132 5006 2252 5058 onmes
2274 4984 2355 5058 sere

380 5263 385 5284 ¹
437 5265 502 5333 1³5)
518 5266 714 5323 Perridienlum
730 5267 860 5334 estquod
876 5265 1342 5321 BrnckerusinHistCritPhiloa
1383 5266 1509 5332 bitanter,
1518 5265 1625 5335 scripsit
1636 5265 1668 5319 C.
1687 5264 1727 5318 W·
1747 5266 1781 5318 de
1799 5265 1891 5320 Rbcer
1905 5264 1934 5319 in
1945 5265 2086 5320 Dissertat·
2106 5268 2137 5320 de
2148 5267 2226 5323 stoa
2241 5255 2308 5324 lari.
2323 5271 2353 5328 0.

369 5351 450 5412 von.
459 5352 495 5406 Π.
512 5367 540 5421 p.
556 5351 618 5406 536.
640 5356 777 5419 procerte
791 5350 882 5420 ponit,
899 5352 999 5405 heum
1018 5355 1047 5403 et
1059 5349 1199 5403 Theonern
1210 5350 1245 5404 ab
1256 5349 1343 5405 Athe·
1382 5351 1449 5418 dep.
1465 5350 1497 5404 C.
1511 5351 1531 5404 l.
1544 5346 1572 5416 §.
1582 5348 1607 5402 4.
1620 5367 1648 5418 p.
1657 5349 1699 5402 ll.
1709 5349 1764 5401 Sed
1783 5352 1807 5404 J.
1818 5352 1851 5403 F.
1859 5350 2035 5403 Hoffmannus
2051 5351 2079 5403 in
2088 5351 2221 5420 Disputat.
2231 5354 2263 5406 de
2274 5354 2355 5409 Athe-
2487 5343 2490 5350 ¹

368 5437 473 5498 wdone
489 5436 688 5490 commendatos
706 5450 767 5488 esse
789 5436 921 5502 Augusto.
954 5435 986 5488 ld
998 5450 1051 5503 qno
1062 5433 1177 5489 artificio
1193 5450 1230 5488 ex
1239 5435 1344 5501 allega·
1383 5435 1485 5498 cedere
1510 5434 1639 5487 Torserat
1659 5431 1687 5501 §.
1703 5434 1760 5485 Vll.
1777 5434 1812 5486 N.
1829 5434 1849 5486 t.
1865 5433 1925 5486 sine
1942 5435 1999 5487 nlla
2015 5433 2179 5487 dubitatione
2201 5452 2262 5490 eum
2277 5438 2355 5510 ponit
2371 5506 2376 5510 ἱ

370 5521 403 5576 h'e
413 5519 516 5577 Snidee
528 5518 618 5572 verbis
629 5517 716 5588 possit
731 5518 807 5587 elici,
822 5518 911 5573 iateor
920 5533 963 5572 nra
978 5533 1033 5572 non
1045 5517 1160 5586 assequi.
1385 5518 1456 5570 inter
1468 5516 1542 5570 viros
1559 5516 1669 5586 doctos,
1687 5517 1782 5586 quibus
1799 5518 1935 5585 Augustus
1944 5517 2103 5586 Apolloniae
2117 5518 2146 5574 iu
2161 5518 2353 5580 institnu'onem

435 5601 559 5674 199190
573 5602 722 5671 Theopm,
738 5602 1128 5673 aemscmmbonpononia
1139 5600 1278 5672 nimum,
1294 5600 1346 5656 dn·
1385 5601 1566 5656 detnsfncrit.
1786 5673 1791 5686 Ι

1904 5687 1953 5762 8·
