5717 6575
550 603 627 680 ιιι
801 597 1013 680 naeuos·
1035 601 1082 676 ιι
1107 599 1176 677 nu
1209 600 1251 680 c.
1276 599 1496 729 noscam
1519 572 1783 682 anomoeis
1812 552 1885 680 ni
1906 572 2256 723 domiminus.

410 772 423 797 Ἰ
532 801 641 869 ¹tidem
663 803 841 893 appellabat,
864 813 897 870 ut
917 805 1012 871 refert
1034 805 1158 872 Sueten.
1182 803 1281 893 Calig.
1303 827 1330 870 c.
1352 804 1421 887 23„
1444 806 1548 893 quibus
1571 804 1669 870 verbis
1691 804 1846 872 mulierem
1868 807 1955 873 valde
1972 762 2167 877 astutamet
2193 793 2334 905 ⁷callidpm
2365 807 2503 897 designa·
2557 754 2567 805 ‘r

550 888 667 967 bat.²⁰,)
709 889 801 954 Livia
822 890 985 955 calliditate
1007 899 1038 956 et
1059 891 1186 957 fallaciis
1216 900 1246 954 et
1277 899 1342 955 arte
1364 889 1525 955 simulandi
1551 899 1582 955 et
1610 891 1815 957 dissimulandi
1848 895 1984 967 maritum
2000 897 2160 981 aequabat
2186 895 2319 982 adeoque
2347 896 2507 983 superabat

429 1012 433 1019 ι
549 974 672 1060 ejusque
693 986 774 1041 artes
796 976 858 1040 suis
880 977 995 1040 artibus
1016 976 1180 1061 adjuvabat.
1225 973 1361 1041 Consilio
1383 975 1440 1038 luit
1461 973 1554 1039 molto
1575 978 1750 1063 promptior,
1773 996 1858 1062 quam
1879 979 1946 1071 ipse
1967 981 2086 1065 conjux,
2108 980 2185 1045 haud
2207 982 2276 1045 raro
2298 980 2454 1044 haesitans
2476 987 2507 1045 et

549 1058 752 1141 meticulosus,
775 1080 810 1123 ac
832 1081 926 1145 neque
948 1060 1145 1126 affectui''sno
1168 1083 1206 1124 ne
1229 1082 1264 1124 ue
1285 1060 1383 1124 alieno
1406 1060 1537 1125 obnoxia
1559 1081 1596 1123 ea
1617 1062 1706 1124 etiam
1728 1060 1888 1151 firmitate,
1918 1084 1993 1149 qnae
2014 1085 2084 1128 raro
2106 1065 2138 1129 in
2161 1065 2428 1143 animemuliehri
2443 1063 2506 1129 :de-
2529 1139 2532 1146 ¹

548 1142 753 1242 prehenditur,
775 1147 903 1231 itemque
925 1166 989 1208 cum
1002 1157 1127 1232 tempus
1150 1083 1275 1225 ferebat,
1297 1164 1436 1209 sermone
1458 1143 1534 1207 comi
1556 1153 1587 1208 et
1608 1145 1731 1230 ingenio
1754 1145 1830 1210 haud
1853 1148 2079 1213 contemnendo.
2124 1146 2206 1222 Quas
2249 1148 2352 1221 uidem
2370 1160 2453 1213 artes
2475 1158 2506 1212 et

523 1297 527 1306 ‚
550 1226 666 1312 rn'gemi
689 1226 773 1292 dotes
796 1250 856 1293 ooo
878 1229 982 1292 mirum
1005 1229 1149 1315 estquod
1172 1230 1203 1293 in
1226 1230 1321 1316 ipsum
1344 1228 1498 1310 maritum,
1529 1249 1625 1323 queuq
1643 1250 1703 1294 noo
1732 1230 1856 1295 candide
1877 1243 2005 1314 amaret,
2035 1234 2188 1315 uertebat,
2216 1171 2267 1297 ubi
2288 1235 2352 1298 suis
2375 1231 2509 1313 consiliis

550 1323 767 1398 repugnantem
789 1311 976 1400 intelligeret
997 1335 1121 1399 eumque
1142 1313 1169 1378 si
1191 1323 1294 1400 aperte
1316 1334 1374 1377 non
1419 1321 1518 1379 oterat
1550 1314 1692 1400 consequi
1719 1313 1797 1402 qood
1819 1312 1959 1402 peteret,
1989 1316 2104 1381 occulte
2134 1318 2276 1383 cuniculis
2305 1341 2324 1383 o
2367 1308 2509 1404 ughahat.
2545 1350 2553 1367 ·

549 1394 736 1482 Fuitigitur
756 1396 896 1482 Augusto
920 1419 1004 1479 uror,
1026 1420 1111 1484 quae,
1133 1407 1166 1462 ut
1178 1397 1280 1461 Plauti
1301 1396 1367 1461 Mil.
1433 1419 1476 1463 or.
1487 1397 1529 1461 11.
1545 1398 1576 1461 2.
1593 1397 1646 1464 38.
1661 1398 1760 1463 verbis
1775 1404 1959 1481 utar‚'domi
1978 1403 2108 1468 babebat
2129 1404 2272 1468 animum
2292 1340 2509 1490 1111111οῳ111,

550 1479 728 1565 falsificam,
749 1482 952 1565 subitarium,
974 1484 1058 1547 domi
1079 1484 1179 1569 dolos,
1200 1483 1285 1548 domi
1308 1483 1465 1563 delenifica
1484 1483 1584 1563 tacto,
1606 1485 1690 1547 domi
1709 1484 1866 1566 [udonus.
2169 1521 2181 1527 ··
2346 1492 2348 1497 '

705 1566 824 1630 Tiberii
847 1579 944 1631 autem
966 1565 1156 1654 cupiditatem
1179 1564 1359 1647 dominandi,
1382 1586 1480 1651 quam,
1502 1566 1569 1630 dum
1591 1586 1665 1654 opus
1688 1577 1764 1650 erat,
1788 1570 1900 1656 pariter
1921 1577 2009 1655 atque
2031 1569 2083 1634 ille
2105 1569 2322 1653 dissimulabat,
2343 1572 2412 1659 ipsa
2433 1570 2508 1636 aluit

445 1684 451 1699 ·
551 1655 583 1715 et
604 1650 698 1731 auxit,
720 1671 775 1714 sua
796 1649 967 1716 dominandi
988 1649 1148 1738 cupiditate
1168 1651 1302 1719 incitata
1346 1649 1495 1737 Sperabat
1516 1651 1595 1714 enim
1616 1652 1747 1715 loturum
1769 1673 1847 1735 esse,
1871 1651 1985 1718 ut'hlio
2007 1676 2108 1720 rerum
2129 1656 2223 1743 potito
2246 1655 2283 1720 ad
2305 1678 2340 1720 se
2362 1657 2458 1741 major
2478 1655 2511 1719 iu

551 1733 787 1800 administranda
807 1736 960 1823 republica
980 1736 1113 1833 petentia
1134 1734 1264 1808 rediret,
1287 1755 1372 1834 quam
1395 1735 1460 1798 vivo
1483 1735 1588 1833 marito
1611 1735 1774 1815 habuisset,
1797 1758 1969 1835 quamquam
1991 1738 2080 1836 etiam
2102 1742 2220 1836 pisente
2242 1740 2382 1826 Augusto
2413 1748 2512 1803 extre·

460 1844 466 1853 ·
550 1819 606 1882 mis
629 1819 812 1907 potissimum
827 1821 913 1884 aonis
936 1818 1248 1906 plurimumvaluerah
1270 1822 1309 1882 ct.
1333 1818 1392 1882 Dru
1408 1813 1497 1900 Cass.
1514 1818 1602 1886 Lrhr.
1624 1817 1676 1883 or.
1700 1840 1724 1883 c.
1749 1821 1816 1884 la:
1838 1816 1893 1883 ἐπι
1916 1844 1951 1884 τε
1974 1843 2039 1906 γαρ
2062 1845 2121 1887 τοι
2136 1819 2336 1906 Αὐγούστου
2348 1822 2512 1908 μέγιστον

548 1897 722 1986 ἠδυνήθη,
745 1902 814 1968 coll.
838 1903 921 1969 Soet.
944 1904 1050 1970 Tiber.
1073 1926 1098 1968 c.
1120 1902 1171 1969 50.
1195 1913 1271 1969 extr.
1295 1903 1336 1967 Et
1357 1902 1457 1966 atatim
1480 1911 1549 1989 post
1565 1902 1701 1989 Augusti
1722 1904 1832 1968 obitum
1855 1905 1971 1970 Liviam
1994 1928 2027 1970 se
2049 1908 2139 1972 rebus
2165 1908 2308 1996 gerendis
2330 1917 2512 1973 arrovauter

422 1990 426 1997 '
549 1986 757 2069 immiscuisse,
779 2010 866 2074 quum
880 1985 917 2052 de
930 1988 1091 2054 honoribus
1107 1989 1246 2074 Augusto
1261 1987 1405 2051 habendis
1422 1985 1643 2069 decerneretur,
1660 1988 1858 2053 testaturDio
1875 1987 1963 2056 Cass.
1979 1991 2067 2056 Libr.
2088 1974 2140 2057 hd.
2161 2015 2188 2057 c.
2209 1990 2278 2063 47.=
2299 1992 2511 2076 προσεθηκα

516 2132 518 2137 .
551 2072 588 2137 δὲ
603 2070 715 2148 τὸτῆς
728 2067 1003 2154 Λιουΐαςὸνομα,
1019 2067 1072 2136 ὅτι
1086 2071 1146 2135 καὶ
1160 2070 1247 2150 αὐτῆ
1263 2068 1328 2135 τῶν
1341 2067 1550 2156 πραγμάτων
1567 2065 1610 2147 ὥς
1626 2072 1685 2134 καὶ
1698 2069 1912 2157 αὐταρχοῦσα
1926 2075 2152 2140 ἀντεποιεῖτο.
2173 2075 2254 2142 Idem
2267 2076 2414 2144 Latrat.
2423 2099 2448 2141 c.
2460 2075 2511 2142 12.

550 2165 656 2223 hamat
676 2156 812 2245 epistolia
834 2157 956 2222 Tiberii
976 2176 1030 2245 per
1050 2156 1170 2244 aliquod
1193 2165 1307 2244 tempus
1329 2157 1437 2220 Liviae
1460 2175 1566 2220 nomen
1580 2156 1760 2243 adscriptum
1782 2159 1878 2223 luisse
1900 2168 1931 2224 et
1951 2160 2068 2225 litteras
2090 2160 2129 2225 ad
2141 2161 2299 2227 Tiberium
2321 2161 2407 2226 datas
2421 2163 2510 2226 etiam

463 2280 468 2291 ·
549 2239 659 2307 Liviae
680 2242 840 2329 inscriptas
863 2262 932 2306 esse
953 2263 1092 2328 eamque,
1116 2252 1320 2328 praeterquam
1349 2240 1424 2326 quod
1450 2238 1543 2305 Curia
1572 2251 1603 2306 et
1631 2241 1822 2307 concionibus
1855 2250 1887 2307 et
1912 2245 2019 2309 castris
2049 2245 2235 2327 abstineret,
2263 2255 2383 2311 caetera
2412 2248 2511 2310 omnia

551 2327 636 2412 quasi
657 2327 724 2414 ipsa
745 2326 898 2414 imperium
922 2335 1039 2390 teneret
1059 2327 1162 2411 egisse
1183 2326 1336 2412 ipsamque
1358 2346 1392 2388 se
1414 2323 1548 2414 Tiberio,
1564 2325 1717 2413 imperium
1740 2326 1917 2391 conciliasse
1938 2329 2104 2416 professam
2127 2351 2196 2395 esse
2217 2329 2342 2416 ideoque
2371 2351 2433 2394 noo
2462 2351 2511 2394 ae·

551 2419 640 2497 qnato
661 2410 785 2497 imperio
804 2411 851 2476 uti
872 2408 926 2476 sed
948 2410 1013 2474 loco
1037 2418 1068 2474 et
1089 2409 1235 2495 dignitate
1257 2411 1386 2496 priorem
1409 2409 1537 2473 Tiberio
1560 2431 1629 2474 esse
1658 2410 1797 2475 voluisse.
1849 2411 1943 2497 Cujus
1971 2414 2164 2512 arrogantiae
2192 2415 2313 2500 insigne
2341 2414 2507 2502 exemplum

551 2494 628 2559 aud
651 2495 792 2561 Tacitum
813 2494 926 2560 Anoal,
948 2493 1005 2560 111.
1033 2491 1085 2559 64.
1116 2505 1177 2576 est,
1211 2495 1259 2556 ubi
1285 2493 1375 2558 trivia
1403 2514 1490 2578 quom
1520 2514 1599 2557 anuo
1625 2514 1705 2559 nuno
1736 2495 1909 2582 imperantis
1939 2498 2060 2562 Tiberii
2082 2501 2124 2576 (a.
2146 2499 2198 2564 22.
2221 2506 2290 2586 post
2320 2498 2410 2578 Chr.)
2432 2520 2459 2563 a.
2478 2498 2505 2563 d.

581 2579 637 2642 111.
659 2578 726 2646 eet.
748 2580 824 2667 Maj.
847 2577 924 2644 haud
967 2577 1049 2644 rocul
1071 2579 1187 2644 theatro
1210 2576 1349 2642 Marcelli
1370 2577 1503 2663 effigiem
1525 2576 1593 2642 divo
1616 2579 1755 2663 Augusto
1778 2580 1903 2662 dicaret,
1926 2579 2046 2645 Tiberii
2067 2604 2174 2646 nomen
2198 2605 2252 2647 suo
2281 2583 2507 2682 postscripsisse

946 2600 964 2729 d
1054 2672 1167 2728 raestat
1187 2663 1341 2748 inscriptio
1363 2663 1429 2749 ipsa
1452 2662 1482 2725 io
1506 2661 1608 2726 Fastis
1622 2661 1723 2729 Verrii
1739 2662 1844 2727 Flacci
1865 2675 2003 2749 servataq
2027 2666 2065 2731 cf.
2089 2666 2349 2755 Orellluscrrptt.
2371 2665 2446 2736 vot
2468 2666 2508 2734 ll.

549 2671 699 2731 narratur.
743 2664 836 2751 Cujus
859 2667 903 2730 rei
924 2665 944 2728 fi
966 2686 1010 2728 em

482 2806 486 2811 .
551 2768 580 2837 p.
601 2747 675 2814 3⁶38.
698 2757 729 2813 et
750 2747 876 2815 Eckhel.
898 2750 938 2816 D.
960 2751 998 2814 N.
1022 2685 1092 2816 idol.
1114 2747 1168 2817 Vl.
1191 2768 1219 2834 p.
1244 2744 1315 2811 194.

439 2898 443 2905 ,
628 2867 630 2871 ·
704 2835 848 2899 Tiberius
870 2834 985 2921 quidem
1008 2844 1081 2898 satra
1104 2840 1218 2895 matura
1240 2829 1373 2895 consiliis
1397 2831 1500 2894 matris
1523 2830 1702 2916 imperiosae
1724 2838 1756 2895 et
1776 2832 1940 2899 bonoribus
1963 2834 1992 2898 ei
2013 2832 2209 2899 decernendis
2237 2837 2369 2901 occurrit
2399 2843 2431 2901 et
2456 2837 2508 2901 ob·

551 2917 639 3001 stitit,
661 2920 767 2985 anxius
789 2919 902 2983 invidia
924 2928 955 2983 et
975 2917 1118 2987 muliebre
1140 2916 1293 3001 fastigium
1316 2916 1347 2978 in
1370 2913 1599 2979 deminutionem
1622 2915 1667 2979 sui
1689 2916 1848 3003 accipiens.
1891 2917 1959 3007 Sed
1976 2940 2062 3004 quum
2085 2918 2313 2986 dominationem
2337 2923 2433 3009 ipsam
2456 2920 2507 2987 do·
2532 2942 2535 2945 “

550 3024 620 3069 oum
642 3004 708 3089 ejus
722 2994 913 3092 ‘accepisset,
936 3001 1086 3089 depellere
1107 3021 1173 3064 eam
1196 3002 1308 3063 trustra
1329 2997 1443 3062 studuit
1464 3007 1495 3062 et
1516 3005 1658 3083 gravatus
1682 2999 1799 3064 tandem
1822 3001 1886 3085 ejus
1909 3022 2103 3089 congressum
2124 3014 2340 3092 pertaesusque
2362 3027 2509 3093 arrogan-

551 3087 622 3154 tiam
643 3088 711 3152 lere
732 3088 861 3154 triennio
884 3098 954 3151 ante
977 3087 1041 3150 e'ns
1064 3095 1187 3149 mortem
1210 3085 1239 3147 in
1264 3083 1455 3170 Campaniam
1481 3081 1673 3179 Capreasque
1695 3085 1822 3148 secessit
1842 3085 1992 3172 semelque
2024 3089 2145 3154 omnino
2174 3111 2238 3153 eam
2267 3092 2362 3155 vivam
2394 3091 2509 3172 revisit,

549 3192 647 3258 neque
668 3172 823 3260 postmodo
845 3192 956 3257 aegrae
968 3109 1064 3234 adluit
1085 3189 1179 3253 neque
1195 3167 1350 3231 defunctae
1373 3187 1531 3252 exsequias
1554 3165 1773 3231 concelebravit
1795 3169 1933 3255 luctuque
1954 3172 2097 3236 abstinuit
2119 3173 2225 3261 impius
2247 3173 2339 3259 filios,
2362 3184 2396 3239 ut
2417 3175 2508 3264 pluri·

508 3320 510 3325 .
549 3256 606 3355 bqr
628 3265 754 3322 narrant
774 3256 903 3323 Tacitus
925 3255 1007 3323 Αιιιι.
1028 3253 1054 3320 1.
1079 3251 1128 3319 14.
1150 3251 1205 3323 lv.
1228 3250 1278 3317 57.
1302 3249 1341 3320 V.
1364 3252 1409 3332 2.,
1433 3252 1559 3316 Sueten.
1582 3250 1654 3314 Tib.
1678 3272 1704 3315 c.
1733 3251 1784 3316 50.
1807 3274 1870 3335 sq,
1899 3254 1957 3314 llio
1988 3254 2075 3320 Cass.
2104 3257 2191 3324 Libr.
2219 3257 2272 3326 57.
2301 3281 2328 3325 c.
2357 3259 2410 3327 12.
2439 3257 2506 3325 coll.

548 3339 637 3407 14ώῄ
658 3339 843 3501 5811151115
865 3433 962 3492 autem
984 3424 1076 3490 Livia
1097 3423 1204 3490 mulier
1225 3429 1308 3489 esset
1329 3418 1486 3486 ambitiosa
1508 3426 1539 3484 et
1559 3417 1597 3484 im
1620 3417 1739 3502 eriosa,
1761 3387 1821 3485 non
1844 3416 2086 3487 dissimulandum
2120 3429 2219 3489 tamen
2249 3432 2313 3508 est,
2340 3425 2508 3515 praedicari

551 3508 640 3609 etiam
661 3512 827 3600 sapientem
850 3513 914 3598 ejus
937 3518 968 3609 et
988 3510 1064 3598 apud
1087 3510 1222 3574 maritum
1245 3519 1276 3573 et
1296 3504 1372 3595 apud
1397 3506 1555 3570 Tiberium
1577 3437 1670 3652 liliqm
1693 3505 1849 3652 potentiade·
1866 3525 1960 3570 usum.
1994 3506 2138 3655 gqntom
2159 3510 2238 3608 enim
2260 3511 2371 3594 abluit,
2402 3520 2434 3576 ut
2455 3513 2508 3611 illa

548 3616 689 3746 ‘elles
705 3596 1257 3762 11111..11.11111111111
1275 3588 2508 3757 1111111111.1111111111...111111“.“·.11111111

545 3764 677 3831 similem
699 3763 817 3833 laudem
839 3766 867 3830 ci
888 3764 1049 3852 impertivit
1072 3763 1131 3829 Dio
1154 3762 1241 3829 Cass.
1263 3762 1350 3826 Lihr.
1373 3757 1425 3823 59.
1449 3780 1474 3822 c.
1496 3760 1527 3821 2.
1551 3780 1678 3822 narrans
1701 3766 1846 3856 mortuam
1868 3780 1932 3823 eam
1975 3762 2179 3827 erhonorilicis
2202 3783 2220 3826 a
2248 3771 2354 3828 senatu
2378 3764 2508 3831 decretis

550 3860 685 3915 ornatam
707 3850 787 3933 esse,
810 3850 886 3939 qood
907 3850 1008 3915 multis
1030 3849 1160 3936 ipsorum
1183 3848 1309 3912 salntem
1331 3844 1493 3924 attulisset,
1515 3842 1591 3930 qood
1614 3843 1769 3909 multorum
1793 3844 1903 3909 liberos
1925 3781 2091 3927 ediscasset,
2114 3845 2191 3933 quod
2210 3846 2320 3913 multos
2342 3849 2374 3913 in
2388 3849 2508 3915 elocan-

551 3931 597 3999 dis
619 3935 736 4000 filiabus
759 3934 931 4021 adjuvisset.
976 3932 1107 4007 Quorum
1130 3932 1306 4019 scriptorum
1329 3929 1507 3993 anctoritate
1528 3927 1602 4011 tides
1625 3927 1740 3991 accedit
1762 3926 1881 4015 Vellejo
1904 3929 1972 3994 Pat.
1994 3930 2035 3994 11.
2050 3930 2120 3998 1311.
2132 3933 2163 3998 5.
2178 3931 2215 3996 de
2230 3930 2332 4005 eadem
2346 3935 2506 3999 scribenti:

550 4023 642 4086 caius
660 4023 833 4102 potentium
854 4038 944 4085 neme
967 4018 1070 4091 scoot,
1090 4018 1153 4083 oisc·
1173 4025 1230 4082 cat
1252 4016 1404 4079 locotione
1424 4014 1554 4094 periculi
1575 4024 1631 4078 out
1653 4017 1829 4079 accessione
1850 4016 2019 4093 dtqoitotie.
2062 4016 2128 4079 Nec
2149 4015 2277 4081 dubitari
2297 4027 2413 4104 potest,
2437 4019 2508 4105 quin

548 4102 641 4202 Livia
661 4107 839 4169 auctoritate
860 4125 915 4168 soa
928 4125 1055 4204 ,saevam
1071 4101 1192 4165 Tiberii
1213 4108 1348 4199 naturam
1363 4096 1541 4212 aliquamdiq
1564 4098 1728 4195 coercuerit
1749 4097 1906 4197 multisque
1918 4099 2037 4164 afflictis
2060 4101 2212 4166 exstiterit
2226 4101 2338 4202 salotis·
2353 4102 2509 4202 effectrirt

550 4180 2309 4356 111111111115141111111111ιι·.1.,ἰι.ιιιέιι11111.11111111ῑὶ1
2342 4208 2389 4335 d
2396 4208 2510 4337 old

516 4334 519 4339 ¹
550 4354 607 4425 vl.
630 4357 699 4424 51.ι
721 4355 819 4440 „idem
843 4355 1019 4438 (Tiberius)
1039 4355 1120 4419 inter
1140 4354 1218 4419 bona
1240 4316 1375 4439 malaqud
1396 4352 1506 4415 mixtus
1527 4349 1667 4415 incolumi
1689 4351 1817 4416 matre.“
1859 4350 1941 4416 Idem
1964 4361 2092 4420 testatur
2113 4345 2274 4420 Suetonius
2288 4320 2370 4421 'Tib
2393 4378 2418 4424 c.
2440 4357 2508 4442 50,

551 4444 602 4529 qui
623 4464 688 4507 eum
710 4442 813 4506 matris
836 4440 969 4505 consiliis
991 4438 1137 4503 interdum
1159 4460 1243 4503 usum
1265 4459 1334 4502 csse
1355 4436 1467 4501 scribit
1877 4516 1885 4528 Ι,

704 4527 740 4591 lo
762 4525 822 4627 fine
845 4546 909 4612 cap.
932 4524 951 4592 Ι
974 4523 1102 4589 Tacitus
1119 4522 1272 4609 subjungit
1295 4521 1516 4622 haeerFuoue
1538 4523 1603 4585 das
1624 4521 1790 4619 modicum,
1813 4528 2029 4599 testamentum
2050 4523 2105 4589 diu
2126 4525 2252 4590 irritum
2271 4525 2340 4607 luit.
2361 4524 2510 4595 maana

554 4620 597 4678 m
616 4630 676 4695 pm
697 4608 1757 4782 11111111ἓιεθῧῖἰισιαῖ111111111511111(11111111501111171η5081αΐ
1769 4614 1832 4755 dm·
1844 4689 1989 4755 Tiberius
2011 4697 2044 4756 ut
2065 4691 2131 4779 ipse
2147 4709 2249 4781 neque
2271 4694 2506 4783 exsequiisma·

552 4780 607 4846 tris
629 4781 764 4847 interluit
785 4781 884 4862 (Suet.
909 4779 980 4848 Tib.
1002 4779 1128 4861 aar),
1150 4800 1247 4864 neque
1268 4785 1391 4841 mortem
1415 4776 1480 4860 ejus
1503 4775 1580 4840 luxit
1608 4773 1702 4852 (Tac.
1726 4774 1806 4859 ᾼιιιι.
1829 4773 1867 4842 V.
1890 4776 1938 4857 2),
1966 4776 2010 4839 ita
2037 4786 2157 4864 praeter
2182 4777 2271 4857 luous
2323 4779 2449 4843 oblicum
2478 4788 2510 4845 et

550 4865 698 4953 imagines
719 4864 932 4954 praeferendas
954 4872 986 4929 et
1006 4864 1064 4929 alia
1086 4862 1227 4949 quaedam
1249 4861 1327 4926 levia
1348 4860 1459 4924 nullum
1483 4860 1511 4923 ei
1532 4861 1674 4924 honorem
1697 4858 1854 4925 concessit
1899 4858 2029 4928 Condita
2056 4869 2103 4925 est
2133 4862 2165 4926 in
2186 4798 2345 4938 Mausolbo
2366 4864 2511 4950 Augusti

552 4950 683 5016 Senatus
705 4945 877 5015 mulieribus
898 4951 930 5014 in
952 4957 1044 5013 totum
1067 4968 1175 5012 annum
1192 4946 1301 5011 luctum
1323 4945 1434 5010 indixit
1454 4952 1484 5008 et
1505 4954 1626 5029 praeter
1647 4944 1707 5008 alia
1729 4965 1829 5009 arcum
1851 4954 2008 5009 exstruere
2030 4944 2172 5012 decrevit.
2194 4947 2246 5029 (cl.
2260 4947 2320 5012 Dio
2333 4944 2420 5015 Cass.
2440 4947 2510 5030 11.)

444 5065 448 5072 ·
552 5034 614 5102 Sed
636 5035 781 5099 Tiberius
802 5044 836 5098 ut
856 5035 910 5099 sub
931 5033 1026 5098 initiis
1048 5032 1165 5120 imperii
1186 5032 1316 5097 honores
1338 5032 1442 5096 matris
1464 5028 1657 5117 prohibuerat
1677 5029 1732 5104 (cl.
1756 5029 1833 5094 Tac.
1858 5030 1938 5094 Αιιιι.
1960 5029 1987 5097 1.
2010 5027 2059 5095 14.
2082 5030 2143 5096 Dio
2165 5030 2253 5099 Cass.
2275 5030 2327 5115 57,
2349 5031 2433 5116 12),
2463 5036 2507 5102 ita

552 5120 641 5186 etiam
664 5127 724 5183 tum
747 5120 897 5201 „honores
920 5118 1078 5182 memoriae
1101 5118 1165 5202 ejus
1187 5117 1224 5180 ab
1248 5123 1354 5181 senatu
1376 5114 1464 5199 large
1486 5112 1621 5212 decretos
1644 5113 1728 5198 quasi
1750 5134 1805 5213 per
1832 5113 2194 5216 modestiamoimminqit,
2218 5117 2324 5267 paucis
2350 5116 2509 5187 admodum

552 5205 694 5294 receptis,
716 5213 747 5268 et
768 5204 941 5285 addito,'ne
962 5202 1101 5267 coelestis
1123 5200 1233 5288 religio
1255 5200 1668 5286 decerneretur3s1crpsam
1691 5197 1865 5282 maluisse,“
1887 5205 1921 5263 ut
1942 5198 2071 5265 Tacitus
2093 5202 2215 5267 scrabrt‘
2248 5223 2298 5267 nna
2321 5201 2362 5272 V·
2384 5204 2415 5272 2.
2438 5203 2509 5271 coll.

617 5526 664 5593 ²0)
681 5528 838 5583 Hoscblrins
855 5530 888 5583 in'
900 5528 1165 5583 Analecttltterar.
1178 5546 1205 5593 p.
1221 5527 1280 5583 301.
1293 5524 1435 5581 laiss-erbis
1447 5543 1510 5581 mu·
1543 5528 1674 5598 pellebat,
1691 5525 1872 5595 ignobilitatis
1890 5527 2013 5595 qaudam
2031 5527 2071 5579 ud
2093 5529 2223 5579 senatum
2246 5527 2368 5589 epistola
2391 5542 2513 5593 arguere

549 5598 966 5665 oooamtpaooanmdesignari
977 5604 1062 5665 putat,
1080 5600 1127 5650 sed
1141 5602 1296 5667 repugnant
1311 5597 1372 5666 ipsa
1389 5596 1514 5651 Suetonii
1548 5614 1632 5651 ausus
1650 5604 1701 5652 est.

548 5667 649 5730 verha3
663 5681 727 5718 nam
739 5666 867 5735 Caligula
882 5666 1021 5738 proauiam
1031 5667 1185 5721 identidem
1200 5666 1299 5721 Ulixen
1316 5668 1441 5719 stolatum
1460 5683 1511 5735 ap·
