5717 6575
1126 1454 1334 1543 utttIttt
1372 1452 1684 1558 QUARTUS

1376 1666 1433 1724 Μ

919 1826 1396 1937 CAESARIS
1444 1830 1896 1937 AUGUS'H'

624 1990 639 2133 ,’
817 1996 1172 2149 summotus,
1226 2053 1520 2133 comosus
1562 2056 1633 2133 nr
1680 2055 1938 2134 arnonus.

1340 2558 1385 2663 S.
1420 2565 1459 2645 1.

411 2752 686 2887 Epistularum
710 2814 732 2865 ο
756 2791 909 2869 Caesare
939 2793 1105 2892 Augusto
1138 2792 1350 2892 suntpumn
1369 2790 1601 2893 Frugrnente,
1638 2818 1730 2894 quae
1760 2794 1937 2895 hodieque
1969 2804 2177 2897 supersunt,
2209 2818 2281 2873 nun
2304 2826 2389 2873 uun-

410 2903 603 2993 temuendu
623 2910 686 2985 ille
713 2917 749 2985 et
773 2934 922 2985 numero
940 2917 979 2985 et
999 2910 1132 2987 ambitu
1156 2910 1305 2985 eaeteris
1331 2910 1537 3012 insigniore,
1559 2912 1806 3012 pretiosissime
1830 2921 1913 2989 sunt
1933 2911 2037 2988 nobis
2060 2938 2102 2990 eu
2121 2914 2392 2993 luculentissima

408 3022 641 3123 munusue,
662 3026 702 3103 in
724 3052 816 3129 quae
838 3028 1016 3105 inurentes
1030 3028 1273 3129 por-eruditum
1293 3028 1471 3129 Prineipis
1492 3029 1586 3104 illius
1602 3031 1782 3133 ingenium
1796 3031 1955 3107 metius
1967 3026 2178 3130 eoguusoere
2193 3041 2231 3107 et
2246 3032 2393 3112 interio-

409 3166 470 3219 res
493 3144 602 3221 enini
624 3169 749 3223 mame
771 3147 921 3247 penitius
939 3149 1147 3248 ,perspiuere
1177 3170 1379 3249 possumus.
1431 3144 1537 3245 Quae
1562 3151 1657 3224 eninr
1692 3147 1797 3224 nobie
1827 3147 1921 3225 lorte
1952 3147 2095 3225 fortune
2125 3159 2288 3227 senates
2309 3152 2391 3231 sunt

407 3258 648 3361 Epistularum
670 3265 865 3367 reliquiae,
887 3265 1080 3342 maxirunm
1102 3274 1241 3367 partem
1265 3265 1497 3366 depromptae
1518 3273 1602 3342 sunt
1625 3291 1673 3341 ex
1693 3291 1841 3344 numero
1865 3292 2010 3363 earum,
2033 3293 2125 3369 quas
2147 3266 2196 3342 ad
2219 3271 2392 3348 suus—ille

404 3380 463 3456 rel
483 3379 533 3456 ed
558 3383 689 3478 amieos
720 3381 821 3460 dedit
848 3384 941 3460 mira
968 3391 1005 3459 et
1028 3383 1186 3485 jueunda
1216 3385 1405 3460 alluutunm
1438 3383 1607 3460 meeum
1636 3386 1774 3483 plenus.
1836 3386 1953 3464 Nibilu
1982 3394 2102 3464 umen
2126 3388 2249 3464 senius
2270 3389 2308 3465 iu
2331 3389 2392 3466 tu

405 3521 548 3600 quoque
567 3502 728 3602 qmmvis
751 3503 819 3577 sito
845 3527 954 3601 saepe
980 3509 1018 3580 ot
1040 3502 1191 3604 lum'tivu
1219 3503 1371 3578 umetis
1398 3503 1491 3598 stylo
1517 3508 1553 3577 et
1587 3506 1794 3605 plerumque
1829 3503 1993 3580 iuniliari
2022 3529 2185 3582 sermone
2217 3503 2389 3584 eontentio

405 3615 551 3696 eusdem
570 3617 866 3720 deprehendimus
885 3622 1052 3716 virtutes,
1088 3646 1177 3724 quies
1204 3623 1369 3696 universe
1391 3617 1433 3694 iu
1456 3624 1533 3720 ejus
1557 3620 1740 3722 eloqumdi
1763 3645 1916 3723 genere,
1941 3619 2033 3698 duee
2056 3622 2226 3702 Suetonio
2260 3649 2291 3702 ο.
2309 3629 2388 3721 86η

403 3737 635 3836 exposuimus
657 3736 757 3814 Libr.
784 3738 857 3815 111.
881 3749 914 3829 u.
940 3743 975 3814 l.
1025 3737 1120 3814 Vere
1144 3738 1239 3813 enim
1265 3735 1402 3815 Gellius
1433 3735 1480 3813 tt.
1501 3736 1549 3813 Δ.
1567 3737 1670 3816 Lihr.
1692 3739 1778 3817 XV.
1800 3763 1834 3816 e.
1857 3744 1896 3819 t.
1920 3749 1955 3834 ς.
1975 3745 2015 3819 ³.
2043 3742 2228 3842 Augusto,
2254 3744 2388 3844 episto·

402 3855 519 3930 larum
541 3855 765 3954 potissimum
789 3856 909 3934 bubita
931 3856 1090 3953 ratione,
1113 3853 1280 3932 adsenibit
1299 3855 1538 3957 „elegantiam
1564 3856 1731 3934 orationis
1753 3880 1869 3958 neque
1891 3881 2067 3936 morosam
2089 3883 2205 3958 neque
2230 3861 2385 3956 anxium,

403 3967 473 4046 sed
491 3971 631 4050 leuilern
653 3973 769 4050 burele
793 3983 828 4050 et
851 3975 1088 4076 simplioem.“
1146 3972 1207 4049 Ex
1226 3973 1295 4052 boo
1317 3975 1396 4050 loeo
1418 3971 1580 4052 Gelliano
1607 3973 1713 4050 simul
1736 3972 1927 4071 dumus,
1961 3975 2057 4051 illius
2083 3974 2248 4077 epistules
2275 3975 2386 4054 utet

402 4089 638 4192 singularibus
668 4093 903 4168 voluminibus
940 4095 1101 4170 eolleutes
1131 4093 1247 4168 luisse
1285 4099 1321 4167 et
1352 4095 1534 4196 evulgatas
1555 4091 1593 4168 in
1610 4094 1764 4168 omnium
1786 4118 1912 4171 manus
1933 4092 2083 4171 renium.
2131 4089 2265 4172 Gellius
2290 4094 2385 4170 enim

402 4218 575 4284 memoret
613 4215 803 4304 „tuorum
830 4217 1082 4312 Epistularum
1115 4215 1202 4289 tuot
1240 4214 1414 4314 depasti,
1452 4235 1545 4311 quoe
1571 4214 1622 4289 ud
1650 4216 1785 4309 ttujum
1817 4225 1983 4314 nepotes
2011 4213 2213 4312 surtputt‚“
2242 4220 2279 4286 et
2303 4211 2384 4290 inde

401 4327 605 4428 exemplum
628 4328 776 4430 profert.
825 4327 973 4406 Miranti
994 4327 1147 4406 fortasse
1167 4327 1345 4428 cuipiam,
1376 4323 1472 4430 quud
1505 4327 1600 4402 inter
1633 4328 1764 4428 scripte
1792 4329 1893 4430 ejtrs,
1927 4353 2020 4430 queo
2040 4326 2231 4407 Suetonius
2265 4356 2297 4405 ο.
2320 4336 2383 4408 85.

401 4453 578 4541 meet,
602 4449 697 4522 nulla
727 4446 827 4523 lauta
855 4445 903 4523 sit
930 4447 1065 4523 mentio
1089 4445 1332 4547 Epistularum
1361 4449 1463 4546 ejus,
1494 4469 1567 4519 nun
1597 4451 1670 4520 tam
1703 4469 1785 4520 uum
1810 4445 2003 4522 Torrentio
2024 4443 2264 4545 respondebo,
2289 4447 2383 4548 quod

399 4562 479 4640 illue
500 4565 661 4640 omnibus
686 4573 790 4641 notae
813 4573 953 4664 essent,
977 4589 1087 4670 quem
1109 4563 1194 4670 quia
1212 4567 1399 4664 Epistulae
1414 4562 1460 4637 ab
1477 4587 1520 4636 eu
1536 4569 1570 4637 et
1586 4561 1734 4663 scriptus
1755 4560 1866 4638 luisse
1889 4571 1925 4640 et
1953 4560 2059 4640 setibi
2088 4561 2253 4640 debuisse
2268 4587 2380 4664 aeque

350 4693 359 4708 '
398 4705 465 4782 per
487 4683 803 4788 reintelligebutur
822 4709 865 4760 eo
886 4690 1044 4762 mmor
1068 4691 1107 4758 et
1127 4679 1323 4761 lidiutoab
1348 4705 1393 4758 eo
1417 4679 1662 4775 messe,
1686 4705 1778 4780 quea
1802 4704 1875 4756 uon
1906 4681 2021 4782 magis
2042 4701 2067 4754 a
2087 4675 2258 4758 Suetomu
2282 4705 2382 4758 uoru-

398 4810 649 4877 memuruutur.
700 4801 777 4879 Sed
803 4809 848 4876 ut
870 4827 994 4877 rerum
1016 4799 1065 4878 sit
1089 4799 1183 4904 quod
1207 4797 1346 4880 Gettins
1382 4798 1429 4874 de
1462 4798 1619 4900 epistulis
1655 4793 1703 4872 ad
1728 4793 1860 4902 GeJum
1882 4798 1920 4876 iu
1941 4795 2203 4898 rmumlibruut
2231 4795 2381 4874 oolleutir¹

397 4929 537 5015 narrat,
561 4929 680 4996 tamen
702 4917 930 4996 vehementer
950 4919 1072 4996 dubito
1094 4944 1201 5015 num,
1233 4928 1295 4992 eut
1327 4917 1407 4994 vivo
1434 4941 1478 4992 eu
1501 4925 1562 4993 aut
1584 4925 1744 5011 mortuo,
1777 4937 1946 5016 umquem
1967 4911 2115 5018 Sylloge
2139 4907 2382 5018 Epistularum

396 5038 474 5132 ejus
500 5063 524 5112 a
537 5040 714 5140 quopiam
734 5039 845 5114 luerit
866 5039 1039 5114 institute.
1089 5036 1286 5114 Suetonius
1317 5044 1411 5112 uerte
1447 5057 1521 5109 nun
1555 5035 1627 5109 nisi
1661 5033 1879 5135 singularum
1898 5033 2126 5136 autographis
2150 5032 2378 5133 epistulerum

395 5151 532 5230 videtur
555 5173 644 5234 usus
669 5182 760 5238 esse.
776 5157 812 5256 ¹)
862 5157 1001 5259 Atque,
1025 5181 1103 5230 rem
1124 5153 1275 5256 propius
1297 5154 1328 5230 si
1352 5157 1565 5252 spectemus,
1590 5149 1707 5252 ipsius
1728 5151 1887 5251 Augusti
1909 5151 2101 5251 plurimum
2121 5149 2299 5245 intererat,
2325 5163 2378 5246 ut,

464 5375 495 5442 1)
511 5375 657 5442 Suetonio,
672 5376 786 5444 lupuli
801 5377 884 5430 ritem
899 5374 1041 5442 remberti,
1059 5388 1125 5442 pne
1141 5371 1263 5426 mnibus
1278 5371 1362 5424 tinius
1412 5384 1479 5438 quoe
1496 5370 1575 5422 daus
1592 5368 1707 5436 tuerent,
1724 5370 1797 5422 velut
1812 5385 1857 5423 ree
1872 5369 2006 5438 pretiosae
2023 5367 2069 5422 diu
2084 5370 2207 5422 renam
2223 5374 2252 5423 et
2267 5371 2312 5424 rel
2328 5333 2378 5422 bu-¹

395 5458 577 5527 ertnmpbsn
609 5461 665 5527 eins
692 5461 842 5529 spinulus,
869 5465 944 5514 uerte
972 5459 1071 5512 suimus
1098 5473 1134 5512 ex
1155 5472 1181 5512 o.
1201 5455 1246 5512 ll.
1267 5458 1297 5507 et
1316 5452 1362 5510 81.
1410 5451 1528 5506 οοὰίοιίο
1549 5454 1593 5506 rel
1613 5451 1748 5522 emptione
1769 5453 1805 5505 sd
1826 5457 1949 5522 meror
1971 5457 2000 5505 et
2020 5450 2114 5505 burum
2133 5465 2223 5505 m
2245 5457 2375 5507 ntnstats

392 5540 514 5596 Fuerunt
532 5548 620 5597 sutem
636 5561 728 5598 omnes
743 5545 808 5600 ittae
824 5542 983 5610 ammes,
998 5543 1093 5611 procul
1108 5539 1191 5595 dubio
1207 5540 1243 5594 sb
1259 5539 1310 5605 eie,
1325 5537 1362 5591 ed
1410 5535 1587 5605 autenm
1605 5541 1737 5590 suntme·
1752 5541 1931 5604 properatae:
1942 5533 2020 5694 leuel:
2035 5534 2209 5605 wiptoniae
2225 5550 2316 5591 erran
2334 5537 2375 5591 is-
