5717 6575
1184 620 1338 695 mame
1360 621 1419 700 ns
1441 562 1552 701 um
1573 560 1668 701 sorr
1736 708 1744 735 .
2206 606 2210 615 ’
2248 580 2255 699 s
2356 637 2430 714 aar

438 830 589 902 mnstot.
649 818 819 921 Adjcctus
849 823 904 893 est
941 813 986 892 ad
1023 814 1232 891 illustranda
1265 810 1404 920 Virgilii
1432 844 1510 896 rua
1551 826 1726 922 „Regino
1757 827 1797 897 ia
1829 826 1958 901 mediis
1987 831 2113 924 patrio
2143 843 2247 905 cocat
2284 835 2442 929 cymino·

433 929 601 1007 ,ἧψαν
652 923 794 1000 Novum
811 922 905 996 enim
926 919 1021 996 istud
1043 919 1174 995 bellum
1194 919 1456 996 imminuendae
1479 920 1637 998 invidiae
1658 948 1785 998 caussa
1806 949 1875 1000 non
1903 933 1974 1001 tam
1996 929 2170 1024 Antonio,
2198 956 2304 1030 quam
2326 929 2435 1006 Cleo·

435 1037 579 1133 pamas,
603 1030 750 1130 reginae
771 1023 961 1118 barbarae,
992 1024 1224 1122 plurimorum
1246 1023 1488 1098 Romanorum
1510 1049 1657 1100 assensu
1674 1024 1839 1101 indictum
1863 1035 1928 1104 est.
1978 1022 2096 1106 llocce
2118 1031 2223 1107 modo
2244 1031 2315 1108 Au
2375 1043 2435 1110 tus

433 1122 508 1209 noh
531 1157 597 1208 sua
616 1131 729 1232 ipsium
755 1152 861 1227 quam
882 1126 1023 1225 imperii
1047 1125 1168 1200 tuendi
1193 1150 1318 1200 caussa
1340 1124 1455 1200 denuo
1470 1124 1516 1199 ad
1534 1154 1634 1202 amna
1654 1127 1824 1229 capienda
1846 1129 2060 1207 descendere
2081 1135 2279 1234 putabatur.
2341 1162 2434 1236 arpa

434 1242 554 1310 autem
579 1242 615 1309 et
637 1232 791 1307 Antonio
818 1229 1090 1332 ignominiosum
1122 1234 1218 1313 erat,
1256 1225 1349 1338 quod
1381 1228 1518 1304 aduca
1553 1230 1715 1305 Romano
1747 1231 1904 1331 legiones
1931 1233 2113 1309 Romanae
2143 1232 2262 1337 jussae
2292 1237 2437 1314 fuerant

437 1334 521 1416 cauo
549 1334 784 1412 contaminato
806 1356 919 1433 grege
943 1332 1099 1429 turpium
1121 1330 1240 1404 morbo
1265 1331 1424 1405 virorum
1443 1330 1621 1406 excubare
1642 1332 1736 1432 opud
1762 1334 1986 1435 Cleopatram
2009 1338 2188 1437 reginam,
2216 1340 2319 1440 eique
2337 1339 2434 1416 dicto

434 1440 620 1517 audientes
641 1437 737 1513 csse!
789 1434 971 1535 Quantum
988 1432 1062 1506 odii
1087 1429 1172 1507 iude
1195 1430 1395 1507 redundare
1423 1433 1461 1507 in
1492 1435 1688 1513 Antonium
1713 1435 1893 1533 debuerit,
1917 1440 1954 1511 in
1982 1439 2105 1538 aprico
2126 1448 2192 1515 est
2244 1441 2434 1519 Caeterum

434 1541 686 1646 proculdubio
708 1537 859 1639 legimus
882 1536 917 1609 h.
942 1537 968 1611 Ι.
989 1534 1169 1636 ipsissima
1189 1533 1344 1637 Augusti
1368 1535 1497 1622 verba,
1531 1563 1622 1637 quac
1648 1539 1862 1639 antiquitatis
1884 1541 2035 1615 colorem
2058 1540 2236 1633 referunt3
2263 1544 2445 1620 isurun.¹
2581 1538 2589 1545 ''

435 1647 506 1722 culi
535 1642 680 1744 majoris
713 1636 1007 1727 consuetudinem
1034 1639 1227 1713 aemulatus
1264 1635 1355 1735 (vid.
1383 1636 1486 1715 Libr.
1512 1638 1576 1716 lv.
1611 1649 1644 1731 t.
1662 1645 1700 1717 2.
1729 1639 1777 1717 Ν.
1803 1641 1859 1739 8.)
1891 1641 1982 1717 hano
2012 1645 2118 1743 etiim
2146 1645 2267 1720 Datiri
2284 1644 2455 1721 lorrnam·

434 1748 638 1850 promiscue
659 1766 855 1841 usurpasse
877 1748 1039 1815 censetur
1064 1764 1086 1812 a
1109 1739 1267 1841 Reisigio
1291 1741 1461 1822 Praelect.
1484 1737 1531 1815 de
1557 1740 1604 1818 L.
1624 1740 1671 1818 [ι’.
1701 1755 1732 1834 t.
1754 1747 1817 1820 71.
1873 1749 1992 1822 .101.
2076 1762 2084 1777 “

588 1849 688 1923 lnter
712 1870 833 1920 rarum
859 1843 1103 1916 Romanarum
1123 1842 1324 1941 scriptores,
1349 1842 1409 1943 qui
1428 1851 1630 1945 supersunt,
1655 1851 1796 1944 praeter
1819 1846 2031 1946 paucaista,
2050 1846 2201 1948 quaeda
2222 1844 2320 1924 sinus
2339 1849 2432 1924 Am·

434 1950 549 2027 bracii
577 1951 648 2024 situ
668 1955 704 2025 et
724 1915 860 2020 amhiiu
886 1942 1017 2019 Strabo
1040 1942 1140 2018 Lihr.
1153 1943 1232 2020 vll.
1260 1969 1292 2017 c.
1310 1948 1349 2020 7.
1368 1953 1401 2036 t.
1417 1948 1455 2022 6.
1473 1945 1594 2041 habet,
1618 1944 1663 2020 da
1676 1945 1759 2046 ipsa
1778 1972 1900 2047 pugna
1922 1946 2041 2022 fusius
2061 1957 2209 2049 egerunt
2221 1951 2432 2049 Plutarchus
2449 1940 2455 1952 ‘

434 2054 521 2129 Ant.
546 2077 579 2129 o.
603 2055 655 2130 66
678 2075 759 2150 sqq.
787 2056 823 2122 et
846 2047 917 2122 Dio
943 2045 1046 2122 Cass.
1076 2044 1177 2119 Libr.
1199 2043 1245 2119 L.
1272 2070 1305 2120 c.
1332 2049 1381 2119 32
1411 2072 1490 2148 sqq.
1540 2048 1720 2148 Uterque,
1744 2049 1911 2149 inprimis
1934 2050 2163 2146 Plutarchus,
2194 2055 2282 2152 quin
2304 2054 2370 2130 hac
2395 2056 2433 2129 in

435 2181 476 2232 re
509 2156 614 2231 etiam
644 2151 920 2227 Commentarios
951 2147 1105 2248 Augusti¹
1135 2146 1181 2220 de
1219 2144 1303 2221 Vita
1325 2171 1398 2222 ,sua
1433 2149 1664 2246 consuluerit,
1696 2152 1825 2249 nemini
1859 2152 2026 2252 cuiquam
2049 2152 2153 2228 facila
2180 2152 2327 2228 dubium
2352 2181 2432 2231 csse

435 2264 574 2360 potcst3
597 2253 664 2330 sed
691 2251 777 2354 quid
803 2259 1042 2352 quantumque
1068 2250 1218 2349 quisquo
1240 2249 1290 2321 illi
1310 2250 1409 2351 operi
1434 2248 1561 2326 debeat
1590 2259 1774 2351 acceptum
1798 2278 1845 2327 uo
1879 2253 1993 2350 ferat,
2027 2256 2104 2329 sinc
2127 2264 2224 2331 certo
2249 2259 2347 2332 testis
2374 2259 2433 2332 in·

433 2360 524 2436 dicio
548 2356 595 2433 ad
620 2353 847 2432 divinandum
872 2351 1015 2427 difficile
1037 2360 1092 2426 est
1113 2375 1227 2452 nequo
1249 2349 1332 2425 indo
1358 2351 1549 2454 quidquam
1570 2353 1734 2454 proficias
1825 2355 2016 2430 tollendum
2034 2354 2251 2453 dissensum,
2278 2385 2348 2460 quo
2368 2359 2431 2434 alii

434 2468 596 2539 auctores
621 2457 779 2560 ejusdem
795 2456 854 2534 „rei
879 2455 1087 2556 discrepant.
1136 2454 1192 2529 Ita
1214 2453 1303 2526 mihi
1329 2479 1442 2553 paene
1464 2463 1598 2531 certum
1623 2463 1691 2552 est,
1718 2455 1871 2559 Augusti
1893 2458 2163 2534 Commentariis
2187 2462 2433 2538 convenienter

435 2563 625 2665 scripsisse
646 2567 682 2634 ct
706 2562 800 2634 illius
824 2559 932 2632 menti
961 2565 997 2632 et
1021 2555 1166 2630 consilio
1201 2557 1349 2656 propius
1386 2581 1552 2634 narrasse

588 2661 709 2738 xvll.
735 2662 908 2760 Vellejum
933 2660 1073 2734 Patere.
1100 2657 1324 2735 Lihr.11.c.
1341 2663 1403 2738 85.
1435 2670 1469 2753 t.
1487 2666 1524 2737 2.
1550 2660 1642 2741 Kr.=
1672 2661 1882 2755 „Dextmm
1906 2662 2051 2737 navium
2075 2663 2295 2740 Julianarum
2320 2691 2432 2740 cornu
2548 2690 2551 2696 ’

433 2769 488 2844 ll.
512 2765 627 2842 Lurio
648 2764 884 2857 commissum,
907 2763 1047 2835 lacrum
1068 2761 1263 2855 Arruntio,
1289 2761 1470 2864 Agrippae
1498 2787 1600 2837 omne
1623 2764 1760 2837 classici
1781 2764 1980 2840 certaminis
2010 2762 2210 2859 arbitrium3
2244 2765 2431 2842 Caesarei

426 2870 527 2981 parti
548 2867 763 2961 destinatus,
788 2866 827 2939 in
851 2888 956 2965 quam
975 2888 997 2937 a
1018 2862 1163 2937 fortuna
1185 2871 1392 2959 vocaretur,
1430 2864 1563 2966 ubique
1587 2862 1750 2940 aderat.“
2316 2940 2320 2955 ,

408 2981 416 3005 ’
450 3020 453 3025 ·
511 3045 528 3069 ,
587 2968 700 3044 Nemo
726 2967 939 3068 praestiterit
963 2967 1069 3065 huJ’us
1092 2963 1305 3040 narrationis
1328 2964 1435 3040 fidem
1455 2966 1634 3045 diversam
1669 2968 1894 3043 aPlutarch.
1918 2968 2002 3045 Ant.
2035 2992 2066 3044 c.
2095 2972 2159 3048 65.
2209 2968 2432 3047 Probabilius

432 3080 555 3150 autem
582 3078 656 3167 est,
682 3071 775 3146 illam
798 3069 995 3173 prolectam
1019 3091 1101 3141 esse
1128 3065 1173 3141 ah
1197 3069 1381 3170 Augustos
1407 3070 1540 3171 quippe
1566 3069 1722 3145 universi
1739 3071 1943 3162 ,camerinis
1965 3071 2122 3172 regimen
2145 3070 2288 3174 dignius
2311 3073 2430 3149 risum
2519 3092 2528 3117 ”

431 3182 488 3252 est
508 3198 662 3274 persona
684 3180 719 3247 et
744 3176 928 3272 maiestate
952 3170 1150 3269 Principis,
1176 3170 1321 3271 quires
1350 3195 1435 3246 suas
1468 3171 1650 3246 ambitiose
1682 3180 1870 3247 axomates
1906 3175 2101 3274 aequalium
2136 3183 2431 3274 posterorumque

431 3277 623 3354 memoriae
645 3273 834 3350 traditurus
857 3279 961 3349 esset.
1013 3271 1131 3370 Quam
1155 3296 1282 3372 parum
1303 3280 1421 3347 autem
1444 3274 1511 3350 hoc
1535 3274 1571 3347 in
1596 3299 1706 3373 opere
1731 3275 1894 3349 tribuerit
1910 3279 2096 3376 Augustus
2125 3277 2264 3353 veritati
2288 3284 2324 3355 et
2346 3276 2431 3353 fidei

432 3380 644 3472 historicae,
672 3404 753 3452 curn
773 3378 860 3451 alias
886 3372 958 3476 jam
980 3374 1156 3470 vidimus,
1180 3380 1257 3449 turn'
1282 3377 1500 3450 luculentum
1519 3377 1681 3451 vanitatis
1704 3374 1955 3451 documentum
1979 3378 2135 3452 exhibet·
2462 3445 2466 3456 .

585 3479 724 3556 xvffl.
749 3478 960 3553 Plutarchus
978 3478 1062 3551 Aut.
1087 3503 1117 3551 c.
1132 3480 1219 3554 663
1241 3474 1336 3563 ..Ἕν
1355 3473 1490 3575 Ἀκτίῳ
1518 3473 1559 3553 δὲ
1586 3474 1707 3552 πολὺν
1733 3474 1753 3551 ὃ
1781 3475 1911 3561 στόλος
1934 3476 2126 3574 ἀντισχών
2150 3476 2315 3579 Καίσαρι
2336 3477 2432 3578 χρό-

429 3606 523 3679 νον,
547 3579 612 3657 καὶ
634 3580 815 3684 μέγιστον
836 3577 993 3677 βλαβεὶς
1013 3576 1090 3653 ὑπὸ
1111 3584 1182 3652 ’τοῦ
1208 3573 1403 3672 κλύδωνος
1426 3575 1579 3673 ὑψηλοῦ
1604 3575 1703 3653 κατὰ
1737 3573 1899 3677 πριόραν
1931 3579 2135 3678 ἱσταμένου
2142 3629 2157 3666 ,
2184 3577 2292 3677 μόλις
2327 3578 2431 3678 ὥρας

431 3681 592 3779 δεκάτης
624 3681 770 3758 ἀπεῖπε.
819 3679 896 3755 Καὶ
918 3677 1046 3778 νεκροὶ
1069 3676 1142 3777 μὲν
1164 3675 1210 3754 οὐ
1236 3674 1385 3762 πλείους
1411 3675 1585 3781 ἐγένοντο
1610 3677 1936 3775 πεντακισχιλίων,
1961 3678 2134 3776 ἑάλωσαν
2151 3677 2194 3756 δὲ
2218 3679 2432 3779 τριακόσιαι
2553 3704 2555 3707 ·

429 3794 517 3885 νῆες
522 3837 537 3874 ,
561 3784 613 3868 ὥς
638 3780 754 3867 αὐτὸς
774 3780 965 3885 ἀνέγραψα
988 3784 1182 3879 Καῖσαρ.“
1745 3787 1751 3798 ’
2361 3779 2370 3872 Α,

586 3888 682 3961 llaec
725 3886 934 3961 Plutarchus
975 3886 1052 3959 sine
1093 3887 1165 3958 ulla
1209 3880 1423 3957 dubitatione
1472 3883 1586 3959 hausit
1629 3909 1679 3957 ex
1717 3881 1985 3960 Commentariis
2024 3883 2190 3985 Augusti.
2250 3883 2431 3958 'Incertus

432 3999 487 4068 cst
520 4001 700 4065 numerus.
777 3987 868 4085 Quis
909 4012 977 4087 pro
1021 3992 1117 4061 certo
1153 3985 1324 4080 affirrnet,
1376 3985 1532 4086 quinquo
1568 3986 1677 4060 millia
1721 3986 1874 4060 militum
1914 3986 2193 4090 Antonianarum
2234 3980 2430 4060 cecidisse?
2493 4052 2499 4073 ,

432 4091 661 4173 variemus
688 4096 766 4185 est,
792 4089 885 4164 hunc
910 4111 1093 4164 caesorum
1116 4087 1269 4161 hosfium
1292 4096 1479 4174 numerum
1502 4087 1547 4179 ah
1572 4088 1738 4189 Augusto
1770 4089 1904 4161 victore
1939 4086 2083 4161 minime
2114 4087 2336 4162 imminutum
2369 4112 2431 4161 re-
2535 4131 2540 4141 κ

433 4194 544 4271 rent
603 4192 703 4269 Idem
726 4217 812 4266 vero
836 4190 970 4266 ibidem
993 4197 1215 4283 narraverat,
1233 4197 1411 4266 trecentas
1436 4215 1546 4264 naves
1579 4191 1618 4263 in
1654 4192 1735 4287 ipso
1767 4190 1957 4264 certamine
1986 4198 2106 4290 captas
2128 4188 2173 4263 ad
2198 4213 2239 4263 se
2263 4189 2431 4265 rediisses

434 4322 546 4400 quem
571 4320 760 4370 numerum
785 4296 916 4369 merito‘
935 4300 1119 4392 suspectas
1144 4299 1181 4365 et
1202 4291 1470 4392 improbabilem
1492 4291 1600 4365 dicas.
1631 4301 1634 4305 “
1658 4290 1830 4366 Videlicet
1860 4299 1913 4366 tot
1940 4293 2088 4366 naribus
2118 4292 2270 4365 hostium
2304 4293 2431 4390 captis,-

436 4408 501 4477 aut
521 4399 666 4473 victoria
700 4397 816 4498 magis
840 4395 960 4496 opima
987 4404 1023 4469 et
1041 4390 1258 4494 splendidior
1282 4393 1558 4470 facta-oratione
1580 4392 1837 4494 depingebatur
1862 4401 1922 4468 aut
1943 4394 2026 4467 talia
2040 4418 2111 4467 non
2136 4400 2219 4468 sunt
2244 4390 2300 4468 ad'
2315 4395 2433 4468 rivum

435 4499 640 4579 resecanda.
693 4500 795 4598 Quae
817 4500 912 4573 enim
939 4522 1087 4571 numero
1111 4494 1261 4570 rotundo
1288 4495 1468 4570 indefinite
1497 4495 1582 4595 poni
1614 4502 1793 4594 poterant,
1826 4520 1868 4567 ca
1898 4520 1968 4568 non
1989 4494 2163 4595 exigenda
2188 4520 2265 4569 csse
2284 4498 2431 4593 planum

434 4613 491 4680 est
521 4603 567 4677 ad
597 4603 800 4677 historicam
832 4596 1054 4699 ἀκρίβειαν,
1089 4624 1193 4700 qoam
1224 4598 1363 4672 omnino
1395 4598 1579 4700 Augustum
1612 4599 1649 4671 in
1681 4598 1747 4670 hac
1782 4595 1875 4670 vitae
1913 4620 1998 4670 suaa
2030 4621 2220 4698 rerumque
2249 4604 2429 4697 gestarum

434 4701 622 4808 ἀπολογίᾳ
642 4730 770 4806 parum
794 4727 939 4777 curasse
961 4700 1215 4786 existimandus
1241 4707 1308 4774 est.

1374 4851 1419 4961 §.
1452 4854 1527 4947 10.

583 5003 772 5085 Praeterea
793 5032 909 5102 unus,
942 5005 1039 5108 quod
1072 5006 1203 5101 sciam,
1235 5012 1271 5079 et
1293 5005 1430 5106 primus
1454 5004 1635 5092 Fabricius
1658 4995 1706 5078 ad
1723 5002 1865 5080 eosdem
1882 5002 2036 5104 Augusti
2055 5001 2186 5079 Libros
2204 4998 2250 5076 de
2265 5000 2432 5076 Vita'sua

436 5110 646 5190 referendos
675 5136 754 5187 esse
791 5110 912 5185 statuit
940 5109 1045 5184 trium
1076 5107 1297 5183 Medicorum
1321 5107 1561 5182 Romanorum
1596 5108 1803 5201 testimonia,
1835 5108 1895 5207 qui
1926 5116 2040 5180 certas
2075 5103 2247 5206 quasdam
2277 5099 2451 5177 modim.

436 5222 636 5293 mentorum
660 5214 830 5290 formulas
855 5237 903 5287 ox
925 5210 1085 5310 ejusdcm
1111 5211 1287 5310 Principis
1310 5210 1428 5285 verbis
1458 5215 1495 5284 et
1514 5210 1707 5310 praeceptis
1728 5210 1974 5308 composuisse
2002 5208 2183 5302 dicumtur,
2220 5214 2326 5305 atqua
2355 5228 2437 5298 eos,

431 5321 581 5396 inverso
606 5317 777 5420 temporis
802 5320 839 5390 et
865 5313 991 5389 aetatis
1013 5311 1145 5410 ordine,
1170 5311 1309 5414 profert
1326 5311 1478 5386 Plinium
1494 5313 1733 5405 Valerianum,
1755 5308 1983 5387 Scribonium
2003 5311 2160 5410 Largum
2177 5315 2213 5382 et
2224 5307 2437 5407 Apuleium.-

436 5423 489 5517 ls,
510 5445 617 5522 quem
636 5409 814 5522 postremo
839 5418 916 5492 loco
941 5417 1108 5510 nominat,
1134 5422 1277 5516 putatur
1299 5439 1380 5490 esso
1396 5414 1575 5515 Apulejus
1598 5413 1724 5486 Celsus
1744 5414 1995 5513 Centuripinus
2011 5412 2168 5505 Siculus,
2194 5421 2300 5511 quein
2327 5423 2436 5483 suum

435 5531 705 5627 praeceptorem
725 5527 827 5598 vocat
851 5518 1061 5597 Scribonius
1080 5517 1222 5619 Largus
1247 5543 1277 5593 c.
1301 5521 1363 5593 43.
1387 5543 1423 5617 p.
1448 5520 1513 5593 94.
1535 5515 1592 5590 ed.
1613 5514 1779 5592 Rhodius
1793 5515 1918 5610 Pater.
1939 5518 2050 5592 1655.
2063 5518 2102 5590 4.
2122 5515 2172 5587 ita
2195 5516 2238 5585 ut
2263 5527 2347 5585 euru
2363 5508 2431 5588 suh

436 5628 605 5731 Augusto
629 5635 666 5703 et
689 5623 836 5705 Tiberio
860 5621 1022 5706 normae
1048 5619 1203 5725 colligas.
1254 5619 1372 5723 Vulgo
1394 5617 1558 5698 tribuitur
1579 5619 1611 5695 ei
1634 5617 1746 5697 Liber
1780 5617 1826 5693 de
1843 5616 1963 5695 herbis
1990 5616 2067 5692 sivo
2086 5614 2145 5711 ⁵dc
2168 5611 2369 5691 nominihus
2396 5616 2432 5687 ct
