5717 6575
438 628 511 706 158
1122 644 1181 718 m.
1220 628 1518 719 ancensium
1539 644 1735 718 inanem

430 830 584 912 servabat,
606 829 638 897 iu
659 829 787 919 epistola
816 829 854 899 ad
883 829 1091 900 Maecenatem
1127 832 1271 901 familiari
1295 832 1437 923 plerane
1460 830 1554 920 'ioum'
1573 834 1673 900 515555
1699 834 1869 902 5551555555
1905 831 1993 918 Vale,
2017 835 2077 903 5551
2106 839 2258 920 gentium.
2285 836 2427 915 mdcssle,
2461 830 2465 836 ’

431 932 507 998 ebur
533 950 575 998 ea
603 929 756 1016 Etruria,
785 934 869 998 laser
895 934 1095 1017 amrinum,
1120 935 1253 1001 5555555
1280 950 1452 1019 superam,
1482 935 1663 1003 Tiberinum
1686 938 1910 1020 marqaritum,
1933 935 2107 1003 Cilniorum
2134 935 2320 1019 smaraqde,
2335 935 2424 1019 iaspi

429 1033 613 1117 baulorum,
639 1034 751 1118 bembi
770 1033 948 1102 Porsenae:
968 1034 1197 1104 carbunculum
1216 1034 1343 1119 babeas,
1363 1027 1436 1103 i'ua
1456 1033 1641 1120 συντέμω
1661 1033 1821 1112 πάντα,
1840 1031 2040 1122 μάλαγμα
2058 1039 2271 1104 masalmae.

1118 1183 1371 1264 Suetoniusd.
1396 1186 1473 1263 vlf.
1497 1188 1681 1281 1155555.
1705 1191 1742 1266 2.

555 1288 634 1386 25.
675 1318 883 1408 Augustus
856 1340 884 1386 en
906 1316 1100 1410 epistolarum
1120 1319 1252 1388 officium
1273 1316 1396 1402 obtulit,
1417 1331 1451 1386 ut
1474 1320 1530 1391 hoc
1551 1320 1590 1389 ad
1609 1319 1819 1390 Maecenatem
1839 1320 1953 1413 scripto
1973 1320 2143 1412 sIgnilicat:
2163 1321 2277 1389 Anu·
2264 1336 2333 1406 spes
2352 1326 2428 1391 scri·

430 1424 536 1491 bandis
563 1422 700 1505 epistolis
727 1424 903 1488 anticorum
929 1422 1138 1506 suffiaebams
1166 1439 1254 1488 uuna
1282 1424 1557 1505 occupatissimus,
1586 1431 1616 1492 55
1641 1425 1803 1508 infirmus.
1841 1421 2012 1491 Horatium
2040 1430 2188 1489 nostrum
2215 1442 2238 1489 a
2266 1431 2295 1490 te
2336 1428 2428 1507 cupio

430 1526 592 1593 51555555.
634 1525 738 1589 Veniet
759 1540 830 1606 erqo
853 1522 893 1591 ab
912 1524 975 1592 ieta
992 1525 1178 1606 parasitica
1187 1540 1296 1591 mensa
1317 1524 1360 1590 ad
1379 1524 1464 1590 banc
1483 1526 1618 1608 regiam,
1644 1532 1673 1590 et
1698 1541 1759 1590 nos
1785 1525 1822 1591 in
1848 1522 2019 1593 eeibendis
2044 1525 2180 1609 epistolis
2201 1524 2339 1609 iuuabit
2381 1524 2428 1591 45

430 1647 471 1691 55
491 1621 643 1691 recusanti
670 1622 786 1711 quidem
808 1630 860 1691 555
880 1624 1052 1692 succensuit
1072 1624 1241 1714 quicquam,
1263 1633 1315 1692 aut
1337 1622 1497 1692 amicitiam
1515 1644 1601 1694 suam
1620 1622 1764 1712 ingerere
1785 1621 1884 1693 desiit.

434 1895 516 1961 tiens,
531 1907 586 1961 qna
601 1891 747 1946 Maecenas
771 1890 914 1948 diffluebat
939 1891 1139 1962 dictionumque
1160 1892 1191 1948 in
1213 1897 1330 1964 utroque
1349 1910 1408 1950 ser·
1457 1909 1604 1950 memorem
1621 1892 1754 1951 libertatis
1770 1901 1799 1952 et
1814 1895 1850 1951 ab
1867 1895 1932 1951 aula
1947 1894 2092 1965 principali
2109 1897 2240 1964 alienum,
2257 1893 2429 1950 liberalitati·

436 1976 1029 2046 5555555555555555555555555155551155
1042 1977 1409 2035 meauoeeaameenseaae-
1457 1980 1510 2035 bne
1534 1980 1693 2048 gratiaeque
1717 1980 1887 2035 documentis
1909 1981 1962 2035 sibi
1984 1980 2154 2035 familiariter
2175 1979 2325 2035 devincire.
2366 1980 2427 2036 055

434 2062 530 2131 tingit3
547 2061 646 2115 deinde
663 2059 774 2113 nimium
793 2076 926 2128 555555,
944 2077 1024 2129 quem
1044 2063 1079 2114 ab
1098 2078 1132 2117 eo
1154 2063 1185 2116 iu
1201 2080 1321 2131 gemmas
1340 2080 1407 2135 pre-
1458 2064 1493 2119 de
1509 2080 1607 2118 caussa
1622 2081 1673 2133 per
1688 2064 1889 2131 Maecenatem,
1904 2064 1934 2117 in
1951 2065 2025 2132 cujas
2042 2064 2167 2119 convictu
2184 2065 2242 2133 jam
2259 2065 2364 2133 aliquot
2380 2079 2428 2118 aa·

434 2145 696 2215 tiosoequelapillos
713 2145 863 2213 impensum
880 2144 1250 2213 luissenosimus,sidiculo
1267 2148 1408 2203 555555·
1457 2164 1507 2204 nos
1527 2147 1635 2216 fuerat,
1657 2147 1684 2203 ei
1707 2149 1807 2203 obtulit
1825 2149 2001 2219 epistolarum
2030 2148 2065 2202 ad
2093 2148 2195 2211 amieos
2223 2147 2426 2203 scribendarum

436 2231 516 2287 cessit
533 2236 560 2285 et
577 2229 693 2298 denique
710 2228 804 2298 paucis
821 2228 910 2297 iisqne
927 2228 1043 2283 Graecis
1060 2229 1153 2284 verbis
1170 2231 1332 2300 impudicam
1348 2248 1409 2286 mu·
1458 2232 1586 2288 officium.
1620 2233 1681 2288 Quo
1698 2248 1769 2288 anno
1790 2233 1857 2288 illud
1881 2233 2035 2302 epistolium
2057 2239 2196 2287 exaratum
2217 2231 2269 2299 sit,
2292 2230 2428 2300 hodieque

434 2317 614 2385 lierosamque
631 2315 689 2382 ejus
704 2313 789 2368 sitam
804 2314 887 2382 paulo
904 2312 1029 2367 acerbius
1046 2317 1131 2370 notat.
1154 2315 1249 2370 115555
1265 2315 1407 2385 Epistulae
1457 2315 1488 2369 ia
1504 2316 1689 2371 cennovenia'
1704 2323 1837 2372 uersatur.
1853 2315 1890 2373 G.
1909 2318 1947 2374 F.
1963 2315 2147 2373 Groteiendua
2166 2316 2196 2370 in
2211 2314 2322 2371 Erechii
2337 2316 2427 2380 lines·

434 2395 685 2471 maenaapeuer,
704 2398 778 2466 qnod
800 2403 889 2451 utrum
909 2399 1049 2464 Angustus
1073 2399 1210 2453 scribendi
1232 2399 1325 2468 itaque
1347 2399 1409 2456 ior·
1458 2400 1530 2469 rlop.
1546 2403 1619 2455 sect.
1634 2400 1669 2457 11.
1685 2402 1766 2457 Tam.
1786 2399 1830 2457 19.
1851 2418 1880 2470 p.
1900 2400 1963 2457 470.
1985 2400 2170 2468 subtiliorem,
2193 2416 2273 2469 quam
2296 2398 2428 2470 seqnitur,

435 2487 528 2544 mandi
545 2484 708 2556 peculiarem
725 2481 851 2535 habuerit
866 2497 1003 2548 caussam,
1026 2497 1077 2535 nec
1094 2497 1145 2550 ne,
1167 2482 1241 2538 intra
1255 2482 1409 2551 investiga·
1458 2485 1592 2539 rationem
1617 2484 1718 2539 nemini
1742 2485 1824 2539 facile
1850 2486 2039 2555 persuadebitq
2067 2484 2237 2555 probabilior
2266 2489 2311 2539 est
2335 2482 2427 2553 opinio

436 2571 540 2638 bimus,
557 2570 587 2623 iu
602 2568 694 2622 Libris
710 2565 790 2619 Mutis
807 2569 946 2619 exaratum
961 2565 1098 2620 invenitur
1108 2567 1170 2621 'leri
1187 2571 1307 2641 etnulla
1323 2584 1409 2639 prope
1458 2566 1592 2623 Wielandi
1608 2570 1646 2623 ad
1667 2570 1765 2624 Horat.
1784 2570 1861 2625 Libr.
1882 2571 1917 2626 II.
1933 2571 1986 2639 Ep.
2002 2569 2030 2627 1.
2047 2585 2075 2640 p·
2089 2571 2134 2626 29.
2151 2570 2188 2625 IV.
2209 2568 2378 2634 assignantis
2399 2567 2427 2622 h.

437 2656 583 2722 seriebus,
598 2653 649 2706 sed
665 2657 754 2706 55555
770 2649 861 2706 555555
878 2654 965 2703 555555
980 2644 1035 2706 non
1053 2656 1108 2704 tam
1124 2650 1226 2705 vitiatis
1248 2658 1276 2705 et
1297 2667 1347 2721 per
1369 2652 1408 2706 li-
1457 2651 1607 2720 Epistulam
1624 2668 1651 2709 5.
1667 2654 1702 2709 U.
1720 2654 1753 2710 0.
1769 2654 1844 2717 7295
1860 2655 1910 2711 555
1927 2670 1987 2708 cam
2002 2654 2140 2720 Augustus
2163 2668 2194 2708 se
2217 2652 2290 2708 dicet
2311 2668 2428 2723 occupe-

436 2739 589 2795 lsrariorum
610 2738 716 2805 culpam
739 2735 888 2805 comantis,
917 2750 997 2803 quam
1021 2735 1144 2789 obscuris
1168 2742 1198 2790 et
1218 2735 1409 2791 recondideris
1459 2736 1589 2791 tissimum
1606 2752 1667 2791 essa
1684 2742 1712 2792 et
1729 2736 1995 2806 infirmum,mn1to,
2012 2736 2199 2807 opinor,veri
2216 2736 2332 2791 similius
2353 2737 2428 2790 Mae-

438 2823 660 2894 eignilieatIonis,
678 2824 783 2887 atquae
799 2821 935 2886 Augustus
953 2824 999 2873 ant
1016 2836 1075 2873 eum
1092 2821 1189 2888 putida
1211 2823 1325 2890 quadarn
1342 2820 1409 2875 dili·
1458 2835 1510 2874 eon
1526 2821 1555 2874 in
1572 2823 1861 2890 9551155555228.
1878 2837 1937 2875 eam
1953 2821 2039 2875 refert
2055 2821 2090 2874 ad
2111 2836 2142 2877 a.
2160 2820 2197 2877 11.
2214 2821 2248 2879 C.
2265 2822 2328 2878 731.
2344 2836 2368 2876 5.
2383 2820 2427 2876 23.

438 2909 531 2976 gentio
551 2907 670 2974 undique
692 2902 843 2973 conquisita
872 2904 1048 2957 coacervatim
1078 2906 1261 2973 composuerit
1283 2906 1409 2975 antipae
1459 2920 1484 2959 e.
1502 2905 1567 2960 Chr.
1559 2943 1582 2973 .‚
1598 2909 1651 2973 quo
1669 2922 1739 2958 anno
1756 2908 1893 2971 Augustus
1917 2905 2077 2973 gravissimo
2098 2905 2194 2983 morbo
2210 2919 2262 2974 per
2282 2903 2427 2960 Antonium

376 2986 379 2993 ’
438 2995 538 3050 5511555
554 2997 583 3046 55
600 2987 758 3045 ludificabili
774 2986 878 3053 ingenii
901 2988 1023 3040 acumine
1045 2993 1209 3042 commentus
1232 2988 1354 3058 finxerit,
1377 2995 1409 3043 nt
1457 2987 1563 3043 Musam
1580 2992 1686 3045 levatas
1711 2990 1811 3044 sensim
1835 2990 2049 3044 convalescebat.
2077 2987 2238 3044 0515155ἰί
2261 2994 2290 3043 51
2311 2988 2427 3045 Seebed.

438 3080 474 3135 ad
492 3076 678 3143 famigeratam
695 3071 861 3126 Maecenatis
878 3071 1138 3141 essetquamquam
1154 3072 1276 3143 proxime
1292 3073 1408 3127 aecede-
1456 3072 1556 3128 hunul.
1572 3075 1693 3141 Paedsg-
1710 3076 1787 3130 1832.
1809 3075 1872 3130 Vol.
1894 3074 1942 3128 lV.
1964 3070 2072 3141 55474.
2105 3071 2159 3128 Qui
2181 3087 2241 3126 cum
2265 3073 2299 3130 Ρ.
2322 3072 2427 3128 Crinito

439 3168 492 3219 ret.
526 3164 604 3217 51555
627 3174 686 3213 cum
709 3156 749 3209 ita
772 3154 842 3221 sint,
868 3170 980 3209 necesse
1006 3163 1062 3226 est,
1085 3158 1197 3210 multum
1221 3157 1337 3225 leporis,
1362 3155 1409 3226 qui
1458 3156 1698 3217 massalianos.
1722 3150 2166 3227 543155115555551515555.
2193 3157 2271 3213 Lect.
2296 3172 2321 3213 5.
2341 3157 2426 3211 XXX.

439 3246 556 3316 sIngnlia
578 3243 648 3298 inest
669 3238 777 3307 verbis,
800 3238 835 3291 ad
864 3244 973 3295 5555555
998 3254 1093 3295 sensns
1118 3246 1220 3310 pereat.
1258 3242 1409 3312 Propterea
1458 3239 1932 3310 ptuansomntnomaemorac
1951 3239 2182 3297 asuetonieecri
2203 3236 2428 3312 mammisque

438 3333 519 3387 raldo
537 3330 618 3384 etiam
636 3325 744 3392 dubito,
768 3339 830 3376 num
848 3326 960 3377 maltum
983 3326 1078 3379 anxilii
1099 3327 1310 3395 exspectandum
1332 3327 1367 3381 sit
1392 3343 1410 3381 5
1459 3325 1487 3380 55
1504 3326 1686 3396 suspicionem
1702 3327 1850 3394 adducunt,
1866 3326 1905 3380 itu
1922 3324 2044 3395 inprimis
2059 3326 2176 3391 Augusti
2192 3327 2278 3380 verba
2293 3341 2354 3381 5555
2370 3325 2429 3381 555·

440 3414 589 3474 Codicibua
604 3411 708 3466 Mastia.
743 3409 825 3463 Certe
839 3408 935 3462 Codex
949 3409 1089 3463 Gudianus
1106 3411 1142 3464 N.
1157 3411 1220 3465 312.
1232 3412 1310 3467 Saea.
1327 3413 1410 3480 xm,
1461 3423 1497 3477 ge
1519 3411 1634 3479 quadam
1656 3410 1782 3464 censorin
1806 3416 1915 3477 notant,
1938 3426 1993 3464 non
2023 3414 2088 3464 snnt
2110 3409 2254 3478 audiendi,
2277 3410 2311 3465 55
2334 3425 2429 3466 menes

440 3502 515 3569 cuius
533 3497 704 3553 collationem
721 3493 755 3546 ah
772 3492 937 3547 humanitate
952 3493 1183 3550 SchoemanniV.
1198 3496 1242 3550 01.
1258 3495 1339 3550 facila
1355 3495 1410 3549 im-
1459 3495 1626 3549 Maecenatis
1642 3496 1811 3560 parasitica
1835 3499 1863 3546 et
1878 3495 1962 3562 repta
1979 3493 2094 3562 Augusti
2110 3494 2202 3549 555555
2220 3493 2284 3563 quid
2313 3495 2430 3551 5555551-

439 3584 562 3655 petravi,
586 3579 652 3633 mihi
680 3593 774 3647 parum
795 3578 857 3648 opis
884 3577 985 3632 attulit.
1023 3579 1119 3647 Neque
1143 3579 1224 3633 55555
1244 3580 1410 3648 mirabimur,
1461 3578 1523 3631 talis
1545 3577 1725 3635 invenientes.
1758 3579 1838 3645 „Sed
1855 3577 1911 3646 5115,
1935 3578 2022 3647 inquit
2043 3577 2249 3647 Peerlkampius
2271 3579 2309 3633 ad
2330 3580 2431 3638 flent.

442 3670 591 3741 permultos
615 3679 715 3732 eosque
737 3661 878 3715 divinandi
900 3667 957 3716 arte
978 3662 1169 3730 sagaciseImos
1194 3664 1274 3718 Viros
1291 3664 1321 3716 In
1343 3679 1411 3717 enn-
1460 3661 1536 3718 Libr.
1552 3663 1600 3718 IV.
1616 3663 1662 3719 ed.
1679 3663 1705 3716 5.
1722 3679 1750 3731 p.
1767 3663 1842 3732 393.
1859 3677 1915 3715 555
1932 3662 2085 3731 cogitarunt
2110 3661 2220 3716 differre
2244 3677 2366 3720 coenose
2382 3679 2432 3721 re·

442 3754 558 3810 cleando
574 3754 604 3804 et
619 3749 738 3804 eruendo
756 3734 923 3815 singularum
941 3747 1087 3800 dictionum
1105 3747 1226 3801 acumine
1246 3747 1359 3802 mirifice
1380 3765 1412 3802 se
1459 3745 1539 3812 glans
1556 3751 1584 3800 et
1600 3761 1718 3800 comeam
1733 3748 1822 3813 reple.
1855 3746 1926 3799 Nam
1943 3748 2191 3815 concrepitant
2207 3743 2331 3820 regalis,
2348 3749 2433 3817 eigel·

442 3838 554 3896 torsisse
571 3841 651 3905 atque
668 3833 803 3887 ineassum
831 3833 953 3888 sudasse.
985 3831 1101 3886 Praeter
1117 3833 1251 3887 Macrobii
1274 3833 1411 3901 Editores,
1461 3831 1524 3884 ficet
1540 3831 1620 3883 etiam
1636 3827 1705 3898 repe
1727 3833 1829 3899 dapne,
1845 3833 2012 3903 splendtda,
2029 3829 2189 3888 1111555115.ιι
2221 3832 2432 3892 Accummodate

442 3923 524 3995 apud
536 3936 604 3991 qnos
625 3919 682 3986 jam
708 3915 928 3971 numerosissima
959 3916 1168 3986 correctionum,
1197 3933 1263 3987 quae
1290 3917 1412 3972 55555555
1463 3914 1600 3969 confertur
1616 3915 1713 3981 Polyb.
1728 3914 1807 3971 Libr.
1823 3915 1857 3971 X.
1873 3930 1898 3969 c.
1915 3913 1973 3984 49.,
1989 3915 2143 3985 nhiScipio
2160 3915 2353 3986 συναθροίσας
2368 3915 2434 3979 rode

441 4009 594 4073 tentarunt,
611 4002 690 4073 capia
705 4001 855 4071 invenitur,
871 4001 1035 4071 peculiarem
1051 4000 1207 4070 interpretis
1224 4017 1334 4070 operam
1349 3999 1413 4055 hnic
1454 3994 1578 4067 ’.1515555
1599 3992 1740 4065 penetres.
1760 3998 1830 4068 per,
1856 3999 1924 4067 iquq,
1945 3993 2097 4066 85515535.
2127 3997 2176 4052 eei
2197 4001 2330 4069 λέγεσθαι
2355 4001 2433 4074 seepd

439 4092 583 4163 Epistulae
598 4089 763 4155 Fragmenta
785 4086 974 4153 impenderunt
993 4087 1068 4139 Pele.
1093 4085 1215 4139 Crinitus
1241 4084 1276 4137 da
1298 4086 1412 4141 Honest.
1462 4085 1533 4135 πᾶσι
1550 4080 1597 4134 eei
1613 4085 1673 4143 ταῖς
1690 4077 1863 4148 51595155*
1848 4075 1994 4150 sategero·
2010 4079 2135 4150 55551555
2150 4100 2183 4154 ys
2202 4079 2262 4155 per
2285 4081 2350 4141 aira
2371 4087 2434 4144 tet.

441 4169 808 4244 555555155555155.
831 4167 1080 4222 ranemundus
1101 4167 1243 4223 5505555.
1264 4168 1353 4237 Epist.
1377 4170 1413 4224 ad
1463 4168 1522 4220 issu
1539 4161 1609 4219 eiras
1627 4158 1690 4220 asise
1706 4167 1836 4237 λέγεσθαι
1853 4161 1917 4235 παρ’
1937 4160 2043 4224 aribert.
2076 4167 2193 4222 Omnino
2217 4167 2360 4241 utriusque
2381 4189 2433 4229 ιο.

442 4252 817 4317 ataa.1.inr.v111.1e.l..
834 4251 970 4317 Gyraldus
987 4252 1022 4303 de
1044 4251 1117 4306 Hist.
1140 4252 1219 4307 Poet.
1239 4252 1413 4320 Dialog.lV.
1463 4251 1610 4306 minianen
1626 4251 1655 4306 in
1671 4252 1798 4306 familiari
1818 4250 1870 4306 hac
1885 4251 2008 4321 Epistola
2028 4252 2097 4326 15555
2112 4253 2248 4321 Angustus
2270 4253 2339 4310 nihil
2363 4257 2433 4314 exa·-

442 4363 472 4415 ρ
488 4342 550 4401 152
568 4340 640 4407 Opp.
650 4336 827 4390 Casaubonus
846 4336 880 4386 ad
898 4336 1009 4388 Sueten.
1024 4334 1096 4401 Aug.
1113 4351 1139 4391 c.
1150 4335 1195 4394 88.
1213 4335 1338 4391 schottus
1355 4338 1415 4391 05-
1462 4353 1583 4390 mescene
1609 4352 1698 4405 neque
1724 4335 1803 4390 amici
1830 4335 2023 4404 offensionem,
2048 4337 2148 4391 nedum
2176 4337 2273 4409 populi
2292 4338 2445 4398 invidiam.
2469 4355 2483 4360 ··

443 4445 515 4486 aere.
531 4419 767 4481 1555115119.
800 4417 994 4472 Meibomins
985 4433 1014 4471 nn
1033 4411 1156 4475 Maecen.
1172 4436 1197 4476 c.
1217 4423 1262 4477 23.
1285 4419 1314 4488 5.
1334 4423 1362 4477 9.
1379 4423 1415 4477 G.
1464 4421 1622 4489 Caeterum,
1639 4421 1710 4490 qnod
1728 4421 1795 4474 est
1786 4437 1814 4475 nn
1830 4421 1917 4475 115555.
1933 4420 2048 4489 Mureti,
2071 4421 2154 4490 Cruq.
2178 4428 2205 4477 55
2225 4423 2446 4492 1155555555-

443 4517 478 4569 de
494 4512 588 4568 Illloer
604 4508 639 4560 de
657 4505 737 4561 Caes.
754 4505 824 4571 Aug.
839 4501 941 4556 Studiis
965 4500 1155 4571 511518.
1181 4506 1413 4570 etnuperLion
1461 4509 1555 4559 555555
1571 4509 1599 4559 55
1616 4508 1702 4570 euplo
1720 4508 1875 4574 5515155555,
1890 4505 1937 4573 55,
1954 4503 2040 4559 invita
2053 4505 2454 4578 Minerre,repetiit1’eerl-

443 4600 475 4654 iu
490 4599 578 4652 Maec.
596 4608 621 4646 e.
637 4589 676 4658 4.,
694 4605 760 4659 quoe
778 4604 870 4641 omnes
895 4586 925 4640 55
946 4602 1004 4641 rem
1024 4603 1111 4643 meam
1133 4588 1246 4644 adhibui
1268 4606 1413 4661 eorumque
1464 4589 1590 4658 lampius
1607 4606 1657 4659 pro
1675 4606 1695 4643 a
1713 4593 1739 4644 55
1757 4592 1844 4656 euplo
1861 4591 2017 4658 abducere,
2035 4605 2113 4660 qnam
2130 4589 2275 4646 lectionem
2292 4595 2443 4654 confirm

444 4682 611 4750 coniecturas
628 4673 779 4729 examinari
795 4671 868 4727 infre
884 4672 1062 4729 11555571.
1465 4674 1535 4731 Cod.
1566 4675 1704 4729 Venderb.
1732 4692 1770 4746 φ,
1795 4679 1827 4727 ut
1850 4673 1930 4728 etiam
1952 4673 2025 4727 idem
2057 4672 2210 4741 5555555515
2223 4669 2226 4676 ’
2239 4693 2291 4747 pro
2312 4675 2451 4744 heaut

1464 4759 1558 4812 edidit.
1591 4759 1651 4825 logo
1677 4775 1737 4814 cum
1763 4764 1877 4814 5555555.
1900 4757 1986 4813 115555.
2014 4764 2122 4813 seculus
2145 4776 2204 4813 enm
2228 4762 2381 4830 Bentleinsn
2403 4771 2435 4821 55

512 4846 557 4905 25.
573 4840 759 4899 Memorabilis
776 4845 804 4893 et
818 4841 936 4906 jucunda
953 4838 1091 4910 Epistola,
1109 4856 1179 4909 quae
1195 4841 1263 4895 satis
1281 4842 1411 4911 declarat,
1464 4843 1698 4912 Oudendorpium,
1715 4859 1829 4912 qnorum
1846 4843 1982 4912 posterior
1998 4859 2048 4897 nos
2065 4844 2176 4910 ablegat
2191 4845 2359 4908 adMiseaII.
2375 4851 2433 4905 05·

444 4936 580 5002 Augustus
597 4928 689 4996 quanti
705 4924 800 4979 fecerit
816 4923 923 4976 Horatii
945 4924 1027 4977 vitam
1044 4939 1186 4993 moresque
1206 4925 1236 4978 in
1256 4928 1337 4979 rebus
1361 4925 1413 4981 ho·
1464 4942 1535 4980 serr.
1552 4927 1613 4984 Vol.
1631 4927 1689 4982 VII.
1706 4945 1733 4996 p.
1750 4927 1794 4982 93.
1828 4927 1897 4981 Cum
1914 4943 1996 4981 nonu.
2018 4926 2095 4983 editt.
2112 4928 2209 4983 Codex
2225 4929 2363 4990 Venderb.
2379 4931 2425 4990 he·

447 5019 531 5079 neetis
547 5016 704 5089 perspectos
722 5014 751 5063 55
772 5024 850 5078 qnam
875 5006 956 5063 enixe
979 5007 1110 5077 cupiverit
1134 5001 1262 5078 Paetum,
1283 5009 1413 5081 pristinae
1463 5012 1511 5064 bet
1527 5014 1641 5069 ueniat.-
1659 5012 1708 5067 ead
1725 4989 1855 5067 rutham
1870 5009 1991 5082 Principi
2007 5011 2229 5068 convenientius!
