5717 6575
376 588 378 593 ’
488 635 545 709 ιε
752 643 756 651 ·
1095 616 1214 697 ..ι
1257 618 1317 692 ns
1344 619 1560 693 cassurus
1587 619 1830 693 sueusm-
1939 642 1956 667 ··

486 817 571 894 tiam
593 818 743 890 ullamve
769 813 874 886 aliam
898 808 1093 885 doctrinam
1113 835 1196 884 cum
1219 809 1328 886 lauda
1351 811 1400 887 ibi
1422 811 1645 908 docuissent,
1678 836 1795 913 neque
1827 834 1849 885 a
1879 807 2053 886 Strabone
2074 809 2282 911 quidquam,
2318 814 2479 914 quamvis

486 920 653 1038 diligente
678 929 921 1032 hujuscemodi
945 955 1067 1004 rerum
1096 937 1300 1026 narratore,
1338 956 1454 1031 neque
1479 932 1524 1005 ah
1546 934 1617 1006 ullo
1647 934 1716 1006 alio
1740 930 1956 1030 antiquitatis
1982 931 2153 1029 scriptore
2177 933 2366 1007 memoriae
2386 959 2481 1033 pro·

485 1053 597 1130 ditum
619 1052 780 1152 legimus.
830 1051 921 1123 llinc
942 1049 1025 1123 mihi
1048 1049 1356 1147 persuasissimum
1380 1057 1457 1147 est,
1502 1049 1541 1123 in
1574 1074 1701 1152 magno
1732 1050 1868 1123 versari
1890 1073 2011 1123 errore
2036 1073 2120 1144 eos,
2163 1050 2226 1149 qui
2250 1050 2479 1151 Apolloniam

485 1174 619 1275 pariter
651 1178 758 1272 atque
782 1167 965 1263 Athenas,
1012 1165 1201 1256 Rhodum,
1250 1168 1447 1244 Massiliam
1481 1168 1628 1241 aliamve
1651 1169 1690 1241 in
1714 1167 1838 1242 urbem
1865 1166 2072 1241 eruditionis
2094 1175 2130 1242 et
2150 1166 2324 1243 honarum
2350 1172 2482 1247 artium

484 1290 628 1372 studiis
638 1287 912 1388 doctoribusque
939 1285 1113 1360 celebrem
1137 1285 1253 1360 Roma
1279 1293 1357 1360 tum
1388 1286 1518 1360 suasos
1551 1310 1633 1361 esse
1664 1285 1781 1361 dicant
1812 1289 1961 1386 juvenes
2000 1287 2170 1360 natalium
2193 1296 2232 1363 et
2252 1286 2480 1366 fortunarum

483 1407 709 1513 splendore
698 1409 865 1508 rnsignes.
854 1402 939 1503 .⁴⁸)
986 1404 1111 1506 ltaque
1132 1406 1237 1479 etiam
1259 1404 1374 1481 Julius
1398 1404 1572 1481 Caesar
1559 1430 1600 1478 ιιι
1621 1406 1785 1507 Augusto
1811 1405 2036 1505 Apolloniam
2060 1406 2228 1481 mittendo
2255 1432 2479 1509 nequaquam

381 1579 384 1585 -
481 1530 523 1607 id
548 1533 730 1630 spectasse
754 1520 1012 1600 existimandus
1040 1531 1117 1619 est,
1142 1530 1182 1597 ut
1206 1547 1250 1598 ca
1272 1524 1309 1596 in
1333 1522 1423 1598 urbe
1444 1528 1538 1598 artes
1563 1523 1724 1605 liberales
1750 1547 1792 1599 ac
1817 1523 2024 1623 disciplinas
2043 1524 2257 1619 studiosius,
2283 1551 2390 1628 quam
2406 1526 2477 1602 ad·

482 1649 553 1726 huc
575 1648 711 1724 Romae
733 1645 866 1720 iactum
890 1649 1008 1740 esset,
1050 1649 1217 1718 tractaret
1239 1667 1433 1743 earumque
1457 1622 1658 1718 doctoribus
1680 1642 1731 1718 ibi
1751 1642 1950 1717 viventibus
1974 1668 2121 1743 operam
2146 1644 2255 1719 duret.
2307 1645 2478 1723 Attamen
2554 1702 2556 1707 .

480 1768 685 1870 Augustum
711 1762 917 1866 Apolloniae
940 1696 1063 1837 studiis
1084 1763 1284 1857 vacavisse,
1321 1769 1557 1837 contestantur
1581 1764 1687 1837 etiam
1710 1761 1902 1838 Suetonius
1937 1790 1968 1838 c.
1990 1769 2027 1840 Θ.
2051 1771 2089 1838 et
2109 1764 2180 1838 Dio
2200 1763 2349 1840 Cassius
2371 1764 2477 1843 Libr.

481 1886 599 1965 va.
628 1912 660 1961 c.
687 1889 737 1980 3.,
781 1882 880 1957 unde
903 1905 969 1957 sua
993 1882 1109 1956 hausit
1133 1883 1294 1956 Zonaras
1316 1881 1418 1957 Libr.
1442 1881 1493 1958 Χ
1516 1908 1545 1955 c.
1573 1887 1633 1958 13.
1659 1883 1734 1956 Res
1757 1909 1829 1956 non
1856 1881 2008 1957 difficilis
2031 1890 2088 1958 est
2110 1883 2299 1957 intellectu.
2350 1885 2477 1960 Velle·

475 2010 557 2121 jum
590 2004 684 2080 enim
717 2002 934 2103 pervertisse
965 2001 1064 2074 istus
1098 2002 1274 2075 missionis
1308 2008 1344 2075 et
1374 2001 1644 2101 profectionis
1632 2027 1669 2075 ιιι
1699 2002 1826 2075 urbem
1848 2003 1945 2076 illam
1966 2002 2100 2098 Illyrici
2135 2003 2336 2098 consilium,
2382 2003 2476 2080 satis

480 2116 601 2227 aperte
626 2122 729 2197 docet
752 2101 1012 2222 Appiauusll.
1038 2117 1080 2194 0.
1103 2117 1203 2194 Lihr.
1220 2119 1284 2193 Ill.
1313 2138 1345 2194 c.
1368 2123 1420 2213 9.,
1447 2120 1509 2192 ubi
1531 2118 1749 2263 deAugusto
1769 2121 1856 2194 haec
1876 2119 2004 2194 relcrt:
2029 2116 2229 2264 μειράκιον
2253 2117 2344 2195 δί”
2322 2144 2376 2194 sse
2399 2117 2474 2209 dv,

481 2246 518 2328 ἐς
537 2237 791 2317 Ἀπολλωνίαν
815 2236 888 2335 τὴν
911 2233 972 2312 ἐπὶ
994 2241 1064 2311 τοῦ
1082 2235 1232 2324 Ἰονίου,
1258 2173 1512 2312 παιδεύέσθαί
1536 2261 1577 2310 τε
1601 2264 1667 2311 και
1653 2234 1895 2311 ἀσκεῖσθαι
1917 2234 1967 2312 τὰ
1992 2235 2163 2334 πολέμια,
2189 2236 2371 2335 ἐπέμπετο
2392 2236 2471 2314 ὑπὸ

478 2366 549 2437 τοῦ
579 2354 783 2457 Καίσαρος,
813 2353 935 2439 uice
899 2356 935 2438 ἐς
968 2351 1058 2436 τούς
1089 2354 1275 2452 πολέμους
1306 2350 1490 2452 ἑψόμενος
1522 2353 1640 2453 αὐτῳ.
1701 2353 1778 2430 Καὶ
1802 2352 1922 2430 αὐτὸν
1947 2356 1989 2430 ίν
2010 2383 2057 2450 τῃ
2039 2353 2302 2452 ”linostema
2322 2355 2494 2434 ίππέιοιἸ
2545 2375 2548 2379 ’

333 2466 335 2471 ’
476 2476 569 2564 ίλαι,
594 2473 791 2575 παράλλάξ
815 2475 857 2547 ἐκ
879 2468 1128 2554 Μακεδονίας
1156 2473 1341 2559 ἐπιοῦσαι,
1370 2467 1679 2576 συνεγύμναζον·
1710 2471 1776 2548 καὶ
1803 2479 1885 2547 τῶν
1907 2468 2108 2575 ἡγεμόνων
2130 2478 2200 2546 τοῦ
2223 2481 2388 2571 στρατοῦ
2411 2501 2473 2550 τι·

477 2620 553 2680 νος,
579 2591 632 2676 ὡς
657 2595 833 2695 συμμενεῖ
851 2587 1065 2688 Καίσαρος,
1091 2586 1244 2689 θαμινὰ
1271 2586 1490 2689 ἐπεφοίτων.
1530 2587 1678 2674 Γνῶσίς
1700 2617 1741 2666 τε
1766 2591 1808 2665 ἐκ
1838 2586 1989 2666 τούτων
2020 2588 2126 2690 αὐτῷ
2155 2588 2221 2664 καί
2244 2591 2374 2693 εὔνοια
2395 2619 2471 2669 πα-

477 2710 529 2816 pd
558 2717 628 2787 τοῦ
666 2716 830 2808 στρατοῦ
861 2735 919 2792 τις
951 2704 1120 2811 ἐγίγνετο
1151 2706 1225 2785 σδν
1256 2703 1388 2807 χάριτι
1421 2704 1648 2807 δεξιουμένῳ
1685 2705 1842 2793 πάντας.
1862 2708 1916 2806 49)
1990 2710 2074 2809 Ipse
2105 2708 2250 2807 quidem
2281 2711 2469 2811 Appianas

477 2836 730 2909 commemorat
754 2823 954 2923 παιδείαν,
994 2852 1099 2928 quam
1121 2828 1326 2930 Augustus,
1362 2830 1535 2902 avrmculo
1560 2830 1723 2922 volente,
1754 2828 1966 2927 Apolloniae
1991 2829 2183 2927 acciperet.
2235 2827 2359 2929 Ipsum
2383 2856 2470 2904 ver-

472 2953 562 3039 bum
589 2942 865 3033 παιδεύεσθαι,
911 2971 981 3047 quo
1004 2971 1090 3020 ursus
1111 2953 1184 3043 est,
1233 2947 1377 3051 ruinirne
1402 2955 1496 3022 vetat
1517 2972 1583 3021 nos
1606 2948 1761 3047 cogitare
1780 2947 1824 3022 de
1850 2946 2034 3046 disciplina
2044 2946 2195 3022 militam
2224 2948 2469 3086 exercitiaque

473 3071 646 3167 bellicis,
665 3090 757 3168 quaa
779 3064 977 3139 distinctius
997 3064 1115 3139 verbis
1140 3000 1369 3167 sequentibus
1391 3062 1558 3140 declarat.
1609 3064 1687 3141 Sed
1711 3066 1914 3165 Appianum
1939 3073 1979 3140 ut
2004 3063 2147 3140 credam
2171 3061 2259 3139 illud
2286 3067 2467 3168 accepisse

327 3257 330 3263 .
474 3197 727 3290 acceptumque
751 3185 910 3259 voluisse
935 3182 979 3257 dc
1005 3183 1176 3257 bonarum
1205 3186 1336 3269 artium
1366 3183 1516 3278 studiis,
1562 3182 1689 3258 suadet
1719 3187 1807 3259 alius
1840 3183 2001 3284 ejusdem
2023 3185 2203 3284 scriptoris
2229 3187 2393 3260 ΙοοιιεΒ.
2422 3183 2464 3269 G.

472 3308 578 3385 Libr.
601 3305 667 3379 111.
692 3332 724 3379 o.
748 3309 808 3380 20.
859 3302 904 3376 In
930 3326 973 3376 eo
998 3303 1051 3377 M.
1074 3303 1271 3378 Antonium
1293 3328 1375 3377 cum
1398 3305 1561 3405 Augusto
1584 3303 1773 3404 Apollonia
1797 3330 1940 3380 reverso
1965 3305 2216 3405 colloquentem
2236 3303 2424 3380 inducit
2393 3331 2465 3382 succ

474 3427 496 3502 ὁ
532 3422 573 3500 δὲ
599 3418 718 3519 δῆμός
744 3422 863 3507 ἔστιν,
891 3418 1018 3521 ὥσπερ
1053 3419 1119 3495 καὶ
1153 3418 1202 3497 σδ
1239 3427 1320 3496 τῶν
1336 3418 1562 3516 Ἑλληνικῶν
1595 3418 1864 3521 ἀρτιδίδακτος
1899 3419 1957 3497 δίν
1992 3421 2151 3520 ἔμαθες,
2193 3418 2460 3521 ἀστάθμητον,

385 3529 388 3540 ’
473 3542 610 3641 ὥσπερ
628 3541 670 3615 ἐν
701 3533 878 3634 θαλάσσῃ
907 3545 1012 3635 κῦμα
1036 3535 1281 3637 κινούμενον·
1332 3536 1354 3614 ὅ
1385 3536 1459 3638 μὲν
1487 3533 1630 3637 ἦλθεν,
1682 3537 1768 3614 ὁδ’
1798 3538 1993 3633 enatos:
2039 3540 2167 3641 quihus
2203 3540 2321 3617 verbis
2355 3566 2463 3617 nemo

383 3749 387 3754 ,
472 3688 546 3738 ιιοιι
587 3660 691 3735 sentit
738 3683 819 3732 curn
867 3658 1032 3732 irrisione
1069 3657 1225 3758 quadarn
1262 3684 1284 3733 a
1329 3658 1382 3732 M.
1414 3658 1570 3733 Antonio
1601 3660 1733 3759 respici
1775 3659 2063 3759 Apolloniensem
2090 3660 2197 3733 istam
2227 3659 2382 3761 Augusti
2420 3660 2464 3735 ἐν

472 3775 629 3874 ἀσκήσει
649 3773 775 3880 λόγων
804 3772 1028 3874 διατριβήν,
1075 3802 1180 3878 quam
1205 3779 1312 3877 vulgo
1337 3775 1457 3861 dicunt
1481 3779 1668 3879 scriptores
1689 3778 1831 3856 Graeci.
1880 3778 2005 3879 Neque
2027 3779 2172 3878 injuria!
2195 3777 2316 3854 *Nam
2343 3777 2462 3879 Julius

470 3900 694 3998 Caesarpro
718 3921 760 3969 eo
786 3919 828 3969 ao
852 3894 931 3994 ipse
955 3894 1096 3968 amabat
1121 3895 1254 3970 litteras
1278 3897 1383 3970 simul
1406 3905 1610 3993 curaverat,
1636 3905 1677 3972 ut
1694 3924 1740 3972 ue
1763 3898 1896 3972 sororis
1921 3922 2007 3971 suae
2028 3921 2140 3997 nepos
2163 3898 2316 3991 interea,
2342 3896 2462 4006 quoad

469 4019 548 4121 ipse
571 4018 689 4092 Roma
717 4013 901 4114 proiectus
922 4038 1003 4086 curn
1019 4013 1214 4114 legionibus
1243 4014 1461 4110 advenisset,
1513 3951 1781 4115 Apolloniae
1751 4027 1830 4088 srno
1851 4017 2045 4095 litterarum
2071 4014 2198 4091 studiis
2222 4039 2461 4092 commorare·
2532 4043 2569 4109 ·,

468 4145 538 4212 tur.
588 4128 678 4208 Eam
701 4131 747 4207 oh
773 4155 936 4206 caussam
957 4132 996 4205 in
1021 4130 1185 4206 conutatu
1206 4136 1283 4238 ejus
1308 4158 1386 4208 esse
1407 4136 1563 4244 pusserat
1581 4131 1841 4235 Apollodorum
1854 4134 2138 4236 Pergamenum,
2164 4134 2341 4208 rhetorem
2364 4134 2458 4210 illius

331 4235 335 4242 ’
469 4254 596 4330 aetatis
633 4250 891 4344 clarissimum,
931 4237 984 4323 de
1009 4260 1134 4351 quo§.
1160 4255 1223 4326 10.
1253 4247 1372 4326 dusius
1395 4250 1543 4328 dicetur.
1617 4253 1694 4327 Is
1677 4278 1756 4352 Jam
1778 4250 1922 4353 grandis
1951 4261 2037 4327 notu
2059 4253 2284 4353 Apolloniam
2309 4250 2459 4329 eductus
2506 4354 2509 4357 .

456 4367 524 4450 'cst
542 4373 657 4449 Roma
683 4369 728 4445 ab
752 4370 951 4471 Augusto·⁸
935 4393 1085 4468 Juvene,
1110 4376 1252 4444 auctore
1272 4369 1500 4447 Suetonioc.
1523 4376 1585 4448 89.
1636 4372 1724 4445 Inde
1751 4379 1868 4446 autem
1894 4396 1988 4473 quae
2015 4373 2131 4473 colligi
2152 4370 2303 4472 possint,
2326 4368 2411 4446 ad
2396 4397 2459 4447 m·

466 4476 695 4596 telligendum
718 4514 789 4562 non
813 4496 869 4562 est
889 4486 1046 4562 difficile.
1118 4473 1283 4562 Primum
1305 4492 1423 4564 nullos
1447 4487 1659 4588 Apolloniae
1679 4489 1796 4566 fuisso
1825 4497 1974 4590 apparet
1998 4489 2134 4565 dicendi
2158 4490 2348 4591 magistros
2372 4515 2458 4565 aru·

467 4608 603 4686 ditione
628 4616 663 4683 et
687 4606 783 4680 lama
807 4606 981 4707 insignes,
1005 4603 1138 4709 quibus
1160 4606 1210 4682 ihi
1231 4609 1418 4710 Augustus
1443 4608 1498 4682 uti
1519 4609 1706 4708 pouusset.
1755 4608 1926 4710 Alioquin
1946 4607 1995 4683 ihi
2018 4617 2095 4683 arat
2115 4606 2360 4709 quaerendus,
2383 4634 2458 4685 non
2572 4651 2575 4658 ·

466 4728 514 4804 ab
531 4727 630 4803 Urbe
653 4723 854 4801 educendus
875 4725 1066 4826 magister,
1092 4725 1153 4826 qui
1167 4729 1336 4826 juvenem
1357 4727 1458 4801 illum
1481 4728 1706 4827 eloquentiae¹
1722 4727 1920 4828 praeceptis
1948 4734 1984 4801 et
2010 4736 2085 4802 arte
2108 4728 2202 4802 inter
2224 4750 2325 4802 ιιιιιιιι
2347 4752 2457 4803 exer-

466 4854 571 4924 ceret.
622 4841 760 4918 Deinde
783 4870 854 4918 non
878 4843 1068 4919 obscurum
1088 4853 1162 4941 est,
1194 4869 1258 4919 cur
1279 4844 1330 4920 illi
1358 4869 1476 4920 comes
1493 4870 1536 4920 ac
1558 4846 1814 4920 contubernalis
1840 4845 1980 4920 additus
2004 4844 2114 4920 luerit
2134 4846 2257 4921 rhetor
2282 4845 2455 4924 Graccus·
2528 4898 2534 4909 ·

465 4965 587 5045 Voluit
611 4964 704 5044 enim
727 4962 845 5039 Julius
872 4961 1022 5060 Caesar,
1045 4970 1086 5037 ut
1107 4962 1296 5066 Augustus
1307 5016 1321 5060 ,
1355 4962 1419 5064 qui
1438 4967 1515 5064 jam
1535 4964 1674 5040 Romae
1695 4962 1899 5041 liberalibus
1922 4963 2113 5066 disciplinis
2139 4988 2220 5041 cum
2240 4989 2325 5039 cura
2349 4962 2475 5041 insu·

466 5091 566 5162 tutus
586 5083 730 5180 luisset,
780 5106 867 5182 prae
898 5082 1046 5156 caeteris
1070 5090 1237 5186 pergeret
1260 5079 1403 5161 dicendi
1427 5082 1634 5158 facultatem
1657 5085 1845 5198 excolere,
1894 5108 1966 5185 qua
1984 5081 2073 5159 nihil
2095 5082 2216 5161 utilius
2240 5082 2395 5185 nihilque
2419 5082 2455 5158 ai

532 5331 580 5404 le)
595 5338 666 5391 Prae
682 5333 795 5389 metaris
812 5349 845 5387 eo
861 5331 970 5387 nomina
984 5335 1116 5389 notandus
1133 5341 1175 5389 est
1190 5335 1223 5393 C.
1239 5335 1280 5392 W.
1298 5335 1334 5390 da
1344 5335 1437 5392 Rhoas
1544 5333 1593 5404 lo)
1608 5336 1641 5390 ln
1655 5335 1772 5406 Appiani
1788 5336 1864 5394 editt.
1879 5335 1965 5391 'lollii
1984 5340 2013 5390 et
2027 5334 2259 5410 Schweighiuseri
2273 5334 2387 5404 legitur:
2414 5328 2453 5396 cis
2518 5399 2523 5406 ,

463 5422 494 5477 iu
508 5419 621 5475 ouem
638 5421 673 5475 aa
690 5419 791 5473 Studiis
808 5418 922 5472 Literar.
939 5418 971 5473 C.
986 5418 1021 5474 A.
1038 5419 1106 5489 Cep.
1122 5420 1145 5475 1.
1162 5417 1190 5487 5.
1205 5421 1232 5473 9·
1249 5435 1278 5490 p.
1293 5419 1370 5491 διας
1386 5420 1437 5476 sed
1477 5414 1507 5479 te
1521 5419 1584 5479 τοὺς
1600 5420 1751 5490 πολεμίους
1765 5416 1919 5490 ἑψόμενοι,
1935 5420 1983 5476 uhi
1998 5419 2312 5489 Bauugarten-Crusiua
2329 5420 2365 5475 ul
2380 5421 2451 5475 Suc·

463 5497 517 5562 ista
531 5518 609 5557 error
624 5503 705 5556 ctiam
720 5503 750 5557 iu
764 5502 1013 5561 eonsumitur·
1028 5502 1101 5561 haud
1116 5503 1209 5575 pecu·
1221 5505 1303 5562 saluti
1318 5521 1369 5576 per
1380 5509 1438 5562 trs·
1476 5504 1544 5559 lonii
1558 5505 1628 5574 Aug.
1643 5521 1668 5561 e.
1683 5506 1710 5562 8.
1725 5521 1845 5560 amorem
1860 5504 2079 5575 typographicam
2098 5505 2276 5565 subodoratus
2291 5503 2357 5563 nitu
2372 5503 2451 5564 rido-

463 5590 559 5649 auen
573 5593 736 5661 propagatur
752 5587 894 5658 apsens.
1040 5655 1045 5664 Ι
1115 5635 1119 5646 .
1477 5594 1521 5647 tur
1535 5595 1610 5647 racto
1626 5588 1776 5655 οοιιιιίιιο
1790 5586 1820 5650 ts
1832 5582 1897 5650 τοὺς
1911 5589 2062 5662 πολέμοισι
