5717 6575
1014 616 1469 715 nemausensem
1495 616 1725 715 ausurum
1899 685 1901 689 .
2313 622 2365 703 aa

371 826 463 895 sisse
505 821 550 899 At
575 819 739 889 &menius
767 827 866 887 minen
895 820 1047 911 expressis
1070 822 1174 895 ‚vorbis
1200 822 1349 905 affirmat,
1373 844 1486 889 >novem
1507 822 1662 893 Musarum
1690 823 1780 910 ιὶςιιι
1804 840 1844 889 ex
1864 819 2074 891 Ambratieusi
2098 818 2207 911 oppido
2233 819 2363 891 Roman

370 907 521 980 aFulrio
541 908 667 998 pdmum
689 905 836 973 manslata
856 926 926 971 essa
946 914 978 972 et
998 907 1169 983 subtutela
1196 908 1355 983 ¹fortissimi
1379 909 1525 991 amuis,
1554 907 1712 991 Herculis,
1741 917 1925 973 consecrata.
1966 907 2035 973 lam
2055 903 2211 973 Musarum
2238 909 2363 975 mendo-

367 1015 439 1066 ιιι
459 992 576 1061 lucinum
595 993 684 1058 stiam
705 990 763 1057 duo
785 989 836 1055 alii
857 990 1019 1080 scriptores
1042 990 1171 1057 dabelli
1192 992 1280 1059 istius
1302 991 1434 1058 Aetolici
1461 992 1573 1081 praeda
1598 1014 1634 1057 au
1655 991 1801 1057 manubiis
1827 991 1994 1078 loquentes.
2036 990 2062 1058 S
2117 999 2162 1056 tat
2186 991 2243 1057 bu'c
2268 993 2363 1061 notis-

369 1079 464 1149 alnus
484 1077 537 1143 illo
558 1076 641 1143 locus
657 1076 820 1142 Ciceronis
842 1095 897 1163 pro
917 1075 1011 1141 Arcb.
1033 1075 1121 1141 Post.
1144 1098 1170 1143 c.
1194 1075 1244 1142 ll.
1266 1076 1294 1160 §.
1315 1076 1386 1143 27..
1407 1077 1579 1159 „Decimus
1621 1076 1717 1142 uidem
1738 1075 1868 1158 Brutus,
1895 1097 2023 1142 summus
2044 1076 2056 1140 i
2079 1097 2097 1140 e
2119 1076 2164 1140 vir
2184 1084 2216 1141 et
2236 1076 2363 1165 impera-

370 1172 434 1247 tor,
455 1162 536 1230 Attii
575 1158 747 1227 amicissimi
768 1159 828 1241 sui,
851 1160 1028 1226 carminibus
1051 1159 1224 1260 templorum
1245 1181 1281 1226 ac
1302 1169 1555 1227 monumentorum
1577 1099 1674 1227 altus
1696 1161 1853 1226 exornavit
1874 1181 2003 1225 suorum.
2044 1158 2114 1227 lam
2134 1181 2206 1226 vero
2227 1160 2290 1243 ille,
2313 1162 2363 1249 qui

353 1269 435 1315 sn
457 1209 592 1327 Aetolis,
613 1245 713 1311 Ennio
735 1244 852 1324 comite,
874 1242 1013 1327 bullavit,
1035 1243 1177 1326 Fuluus,
1198 1266 1259 1311 nou
1282 1242 1427 1311 dubitavit
1446 1245 1558 1312 Martis
1579 1245 1733 1311 manubias
1753 1244 1853 1309 Musis
1875 1245 2083 1310 consecrare.“
2125 1244 2162 1310 ln
2184 1267 2241 1332 quo
2264 1254 2362 1313 umen

367 1330 538 1401 lutabaud
558 1329 690 1395 diiliteor
709 1328 781 1394 mibi
801 1326 900 1415 uideri
919 1339 1066 1397 oratorem
1088 1351 1148 1396 nou
1170 1329 1245 1395 satis
1268 1327 1424 1397 enucleate
1445 1330 1574 1396 locutum
1595 1351 1674 1396 esse.
1715 1329 1795 1394 Nam
1808 1350 1988 1416 quocumque
2000 1328 2226 1416 significatura.
2248 1331 2363 1414 ,Mur-

369 1419 411 1484 lt’t
434 1415 623 1485 meantime
649 1414 774 1502 accipis,
803 1412 970 1499 ambiguum
997 1421 1045 1478 est
1072 1422 1160 1563 atqpe
1188 1414 1359 1497 obscurum,
1387 1415 1467 1483 situs
1496 1414 1685 1502 cogitandum
1718 1412 1755 1478 da
1783 1413 1858 1478 aede
1885 1413 1983 1500 aliqua
2011 1412 2049 1478 de
2077 1414 2222 1479 manubiis
2243 1415 2362 1483 condita

368 1499 486 1585 Masis,
514 1521 555 1565 an
583 1497 620 1564 de
648 1497 829 1563 ornamentis
859 1505 972 1562 tautum
1012 1497 1098 1564 uibus
1137 1498 1218 1565 min
1248 1496 1326 1564 bello
1348 1499 1460 1587 captis,
1490 1520 1566 1585 quae
1585 1497 1712 1565 Fuluius
1733 1498 1765 1563 in
1786 1498 1884 1585 aliquo
1907 1497 1972 1565 loco
1994 1495 2093 1564 Musis
2114 1519 2201 1564 sacra
2221 1520 2289 1566 esse
2309 1523 2361 1569 vo·
2465 1533 2467 1539 ·
2558 1505 2561 1510 ’

366 1585 470 1653 luerit.
513 1583 719 1651 Posteriorem
741 1581 919 1648 sentemiam
945 1519 1071 1647 scalere
1099 1582 1216 1647 videtur
1242 1582 1308 1669 ipse
1336 1580 1461 1665 Cicero,
1498 1604 1585 1669 quum
1613 1583 1715 1648 statim
1740 1581 1846 1663 addat,
1877 1583 2073 1671 imperatores
2104 1603 2198 1672 proe
2230 1594 2361 1653 armatos

367 1678 523 1770 poetarum
547 1689 655 1734 nomen
682 1665 889 1765 etuMusarum
910 1665 1042 1764 'delubra
1063 1666 1207 1733 coluisset
1239 1666 1429 1732 manifestum
1451 1667 1614 1786 euinq‘est,
1641 1689 1688 1735 av.
1710 1678 1907 1766 „poetarum
1935 1675 2083 1767 0000.ιῆ
2102 1667 2141 1734 ad
2198 1717 2207 1735 .
2237 1666 2362 1769 Brutum

368 1775 504 1909 33.
525 1761 557 1903 z?
576 1750 625 1903 3.
645 1750 783 1921 tlte
797 1748 1069 1934 3333.
1082 1750 2120 1935 3ς.3333333333’.3333333333
2138 1749 2363 1906 lbra

365 1923 477 2025 reliqta
496 1928 580 2021 sapt,
602 1919 758 2020 comiado
779 1918 1032 2018 Musas-Fuluus
1054 1857 1192 1986 Nolrbor
1211 1919 1339 2020 Romam
1367 1921 1555 2040 traanqrret.
1575 2005 1582 2019 ι
1599 1919 1746 2021 Zeunudus
1767 1942 1855 1986 manu
1877 1920 1993 1986 Itomae
2015 1920 2135 1986 Helena
2162 1931 2210 2020 est
2233 1922 2266 1989 in
2287 1923 2363 1990 Phi·

367 2007 454 2161 33
467 2002 2361 2191 ..afflatlfonlsltllnlluainbibat..{lau„aeliasanctiabau

370 2174 507 2244 Zeuxide
529 2196 564 2240 co
600 2184 708 2258 murus,
730 2173 778 2261 qui
801 2195 865 2237 cuum
887 2195 947 2238 nou
970 2182 1131 2238 statuamus
1153 2173 1258 2257 fauerit,
1280 2173 1334 2238 sed
1355 2183 1467 2262 pictor,
1489 2175 1641 2260 sequitur,
1662 2183 1695 2240 ut
1716 2175 1764 2238 buc
1784 2194 1845 2239 non
1867 2195 1957 2260 sigua
1977 2173 2147 2257 Musarum,
2168 2174 2223 2240 sed
2245 2177 2362 2245 tabulas

390 2261 464 2327 'etas
484 2259 560 2325 intel
573 2280 698 2349 ogumus.
741 2258 842 2345 Atque
863 2257 893 2322 iu
936 2257 1027 2322 raeda
1048 2257 1148 2322 Fulvii
1170 2258 1377 2323 Ambracieusi
1397 2258 1544 2345 Polybius
1565 2255 1630 2334 τᾶς
1650 2255 1805 2344 γραφάς,
1825 2258 1933 2324 Livius
1965 2267 1997 2322 et
2017 2257 2158 2325 Aurelius
2179 2258 2286 2329 Victor
2311 2273 2361 2329 tc-

368 2278 458 2413 batus
506 2349 579 2412 'tus
599 2347 638 2424 ¹⁰)
667 2343 839 2409 nominatim
865 2279 1030 2430 ptulerunt.
1073 2341 1141 2408 Jam
1170 2364 1240 2408 vero
1270 2343 1335 2431 quis
1362 2351 1409 2407 est
1439 2344 1488 2430 qui
1510 2342 1623 2408 dubitet
1644 2344 1714 2430 quin
1735 2342 1842 2408 Musas
1863 2342 1932 2408 illas
1954 2363 1973 2407 a
1993 2341 2131 2408 Zeuxide
2151 2344 2248 2433 pictas
2270 2347 2357 2434 cogi-

370 2429 440 2497 tarit
502 2450 572 2495 cero
594 2451 702 2517 easque
722 2427 832 2493 Martis
854 2427 999 2492 manubiis
1022 2425 1205 2514 designanti
1249 2427 1311 2492 Eas
1333 2441 1432 2492 autem
1453 2449 1540 2514 quum
1562 2427 1633 2493 dicit
1654 2450 1673 2492 a
1693 2426 1801 2493 Fulvio
1823 2426 1922 2493 Musis
1944 2436 2136 2493 consecratas
2158 2449 2227 2494 esse
2298 2453 2355 2498 uae

371 2513 488 2581 undem
509 2513 570 2579 alia
591 2523 691 2602 potest
712 2513 866 2598 esseejus
887 2532 990 2593 meus,
1012 2533 1097 2597 quam
1119 2511 1187 2576 illas
1210 2533 1371 2600 suspensas
1402 2513 1498 2577 luisse
1523 2513 1556 2577 in
1583 2512 1760 2602 aliquopiam
1781 2510 1937 2577 Musarum
1963 2510 2106 2579 delubroi
2150 2511 2204 2578 Sic
2231 2479 2278 2580 lu
2293 2516 2356 2583 vius

370 2609 450 2665 recte
479 2598 538 2664 dici
566 2607 685 2688 poterat
708 2596 817 2662 Martis
845 2597 999 2661 manubias
1028 2595 1126 2661 Musis
1153 2617 1346 2661 cousecrasse
1375 2606 1406 2662 et
1436 2597 1598 2686 imperator
1623 2618 1715 2686 prope
1744 2603 1875 2661 armatus
1899 2596 2054 2662 Musarum
2084 2596 2195 2685 templa
2219 2597 2359 2667 coluisse.

371 2681 456 2759 Quod
476 2682 632 2749 Musarum
654 2681 805 2747 delubrum
827 2680 903 2779 apud
927 2678 1103 2747 Ciceronem
1124 2680 1348 2768 intelligendum
1370 2683 1428 2764 sit,
1456 2682 1636 2770 supersedeo
1662 2684 1871 2779 quaerere3¹¹l
1902 2679 1933 2744 id
1961 2689 2074 2746 mutum
2101 2680 2262 2765 admoneo,
2292 2705 2357 2751 cum

371 2765 525 2835 Ciceronis
567 2777 626 2832 tum
647 2767 780 2854 inprimis
802 2764 895 2830 Plimi
917 2766 1086 2831 testimonis
1108 2766 1256 2830 confutari
1277 2765 1469 2850 Eumenium,
1491 2766 1540 2854 qui
1562 2788 1638 2833 unus
1662 2766 1791 2832 omnium
1812 2773 1990 2854 scripturum
2010 2765 2166 2832 Musarum
2187 2767 2276 2854 sigua
2296 2792 2361 2836 me·

371 2860 466 2920 morat
486 2873 506 2918 a
526 2817 635 2916 lv'olvio
657 2851 817 2916 Ambracia
840 2851 966 2916 Romam
988 2851 1120 2916 aduecta
1134 2852 1172 2928 ¹²)

521 2935 687 3005 Videndum
717 2957 808 3018 nunc·
823 2943 870 3000 est
898 2935 935 2999 de
956 2934 1030 2999 aede
1052 2935 1191 3014 Herculis
1212 2933 1378 3002 Musarum.
1423 2934 1497 3002 Eam
1520 2936 1578 3003 iste
1598 2936 1703 3003 rhetor
1724 2936 1831 3001 iactam
1853 2956 1871 2999 a
1892 2934 2001 3001 Fulvio
2030 2956 2098 3000 esse
2127 2933 2198 3001 dicit
2226 2958 2287 3003 non
2319 2938 2357 3004 du

370 3019 439 3088 belli
461 3020 593 3087 Aetolici
613 3021 773 3103 manubiis,
795 3029 828 3086 ut
849 3019 971 3107 quilibet
999 3042 1054 3085 ers
1075 3027 1168 3102 ectot,
1194 3020 1248 3086 sed
1277 3042 1316 3086 ex
1345 3022 1470 3110 pecunia
1495 3022 1641 3087 censoria.
1689 3020 1813 3086 Fulvius
1840 3020 1891 3086 ille
1920 3020 2039 3086 Censor
2065 3029 2133 3085 erat
2157 3042 2224 3086 uum
2253 3019 2357 3089 eodem

369 3104 413 3173 M.
440 3105 571 3173 Aemilio
599 3104 735 3194 Lepido,
784 3125 887 3171 uocum
913 3104 1115 3192 implacabiles
1144 3104 1238 3171 adbuc
1266 3117 1441 3171 exercuerat
1469 3106 1657 3188 inimicitias,
1685 3107 1717 3171 iu
1746 3105 1902 3173 &usurae
1930 3114 2028 3171 autem
2055 3105 2151 3170 initiis
2178 3105 2358 3194 reipublicae

370 3210 476 3256 caussa
497 3190 692 3279 compositas,
720 3126 962 3255 ..130573
992 3212 1016 3254 s.
1041 3188 1111 3254 179.
1153 3189 1252 3254 Ambo
1281 3188 1361 3255 fideli
1391 3189 1549 3256 concordia
1576 3213 1681 3256 munus
1710 3189 1954 3255 administrarant
1980 3210 2073 3254 suum.
2117 3188 2356 3276 Postulantibus,

370 3276 565 3377 utpecuuiae
587 3296 699 3340 summa
720 3273 795 3390 sibi,
818 3274 926 3361 quain
948 3295 1040 3361 opera
1061 3272 1178 3375 publica
1206 3283 1377 3375 uterentur,
1403 3276 1631 3376 attribueretur,
1657 3273 1787 3375 vectigal
1814 3297 1955 3373 aunuum·
1969 3272 2119 3392 dqqreturq
2144 3283 2209 3375 est,
2236 3288 2358 3377 auctore

369 3356 2357 3544 131311313313..ῖὲ1....1133,33333333133333303,3313333333333

369 3465 511 3595 attriluta
532 3527 684 3615 diuisaque
705 3539 784 3593 noter
805 3550 839 3595 sc
860 3529 1044 3594 confecerunt
1064 3549 1173 3617 magua
1195 3538 1226 3593 et
1247 3529 1346 3612 utrlua,
1389 3551 1461 3612 uae,
1483 3530 1572 3595 Livio
1594 3530 1686 3611 duce,
1718 3551 1867 3627 curiosius
1893 3534 2052 3593 exsecutus
2081 3529 2243 3594 illustrauit
2263 3530 2358 3598 Sacb·

369 3614 430 3680 sius
452 3617 485 3678 in
507 3613 587 3679 llist.
609 3622 640 3678 et
662 3614 800 3701 Topogr.
824 3613 896 3680 Urb.
919 3613 1008 3679 Rom.
1030 3613 1068 3679 P.
1091 3613 1115 3679 1.
1138 3636 1166 3702 p.
1188 3613 1246 3679 511
1273 3636 1338 3702 sqq.
1411 3614 1483 3679 uluii
1504 3634 1614 3703 opera,
1636 3623 1668 3678 ut
1695 3614 1738 3678 ait
1791 3635 1884 3695 nutus,
1911 3613 2103 3700 pluraquam
2125 3613 2246 3678 Aemilii
2268 3615 2358 3682 colle·

370 3718 426 3787 gae
448 3698 569 3763 luerunt
590 3706 622 3763 et
642 3698 763 3783 majoris
786 3719 872 3763 usus:
909 3698 1044 3780 ,locavit
1072 3699 1149 3763 euim
1178 3707 1295 3786 portum
1317 3708 1348 3764 et
1373 3698 1451 3787 pilas
1471 3700 1571 3787 pontis
1591 3700 1622 3764 in
1646 3698 1783 3764 Tiberim
1806 3721 1861 3777 —;
1894 3697 2045 3762 basilicam
2074 3706 2142 3786 post
2168 3703 2358 3786 argentarias

369 3803 461 3849 nouas
483 3795 516 3847 et
534 3782 631 3847 lorum
651 3782 859 3871 piscatorium,
881 3781 1067 3847 cucumdatis
1091 3782 1237 3864 tabernis,
1280 3803 1331 3847 uas
1353 3782 1485 3848 vendidit
1506 3784 1536 3848 in
1558 3784 1720 3872 privatum3
1753 3793 1784 3847 et
1805 3782 1901 3846 lorum
1923 3790 1954 3846 et
1974 3782 2117 3869 porticum
2140 3791 2227 3848 extra
2261 3794 2356 3851 ortam

371 3866 428 3931 Tri
452 3866 577 3932 eminam
607 3877 638 3931 et
669 3864 755 3965 aliam
802 3875 850 3965 qst
875 3866 993 3930 navalia
1021 3876 1051 3930 et
1078 3865 1116 3930 ad
1146 3867 1244 3930 lanum
1264 3911 1279 3964 ‘.
1305 3866 1415 3965 arculis
1442 3876 1566 3955 etpost
1593 3867 1667 3956 Spei
1695 3866 1732 3931 ad
1754 3866 1892 3931 Tiberim
1914 3865 2016 3965 aedem
2039 3865 2189 3965 Apollinis
2211 3804 2357 3937 llllicif‘

371 3888 457 4024 0qu
478 3973 496 4016 a
516 3951 607 4016 Liuio
628 3951 676 4017 bic
699 3951 872 4040 sumpbcrter
893 3961 1014 4015 vocatur
1035 3951 1135 4014 lanum
1158 3950 1313 4034 Herculis,
1341 3951 1372 4016 ud
1401 3950 1479 4016 baud
1506 3950 1594 4016 dubie
1623 3967 1670 4017 est
1699 3954 1788 4017 aedes
1814 3951 1958 4019 Herculis
1985 3950 2129 4026 Victoris,
2158 3973 2243 4039 quam
2264 3954 2296 4019 in
2319 3977 2357 4020 ea

370 4034 460 4103 Urbis
482 4036 608 4123 regione
628 4036 754 4125 positam
777 4047 920 4101 memorat
940 4034 1113 4100 Macrobius
1135 4034 1203 4102 Sat.
1225 4035 1313 4101 Libr.
1336 4034 1394 4102 Ill.
1417 4056 1443 4101 c.
1464 4035 1513 4102 a:
1541 4035 1684 4121 „Romae
1712 4045 1811 4102 autem
1833 4035 1966 4106 Victoris
1995 4034 2135 4101 Herculis
2161 4036 2251 4103 aedes
2280 4036 2355 4105 duae

433 4205 465 4276 a)
480 4206 610 4261 zeuxidis
627 4224 706 4274 opera
723 4207 831 4275 liptinas,
848 4204 1040 4274 quaeFulvius
1056 4205 1114 4258 sine
1132 4205 1213 4260 dubio
1230 4204 1339 4259 obrili-
1387 4206 1483 4259 aedem
1506 4204 1630 4260 Herculis
1652 4205 1800 4260 transadit:
1827 4206 1899 4260 unde
1929 4204 2004 4259 aedis
2026 4204 2150 4260 Herculis
2172 4211 2201 4261 et
2219 4206 2357 4263 Musarum

368 4279 449 4329 tatem
465 4282 495 4329 et
509 4275 680 4341 fragilitatem
697 4276 725 4330 in
742 4277 808 4328 urbe
824 4274 969 4327 Ambracia
991 4273 1092 4327 intacta
1108 4274 1229 4341 reliquit,
1254 4273 1338 4326 inter·
1388 4275 1571 4343 appellatur.“
1606 4274 1658 4330 Qui
1674 4278 1748 4327 locus
1765 4274 1822 4327 sive
1838 4275 1926 4344 potius
1939 4290 2041 4343 pannus
2053 4275 2140 4334 Servii
2152 4275 2357 4332 Commentariis

387 4348 487 4396 retatur
509 4342 776 4397 llaoul-Itocbettius
798 4342 827 4395 iu
849 4344 987 4395 Primores
1008 4343 1093 4409 antiq.
1117 4339 1210 4392 iae'dtt.
1231 4357 1258 4409 p.
1277 4342 1337 4395 ne.
1387 4348 1492 4395 assutus
1509 4358 1605 4395 uereor
1627 4347 1657 4394 ut
1679 4344 1832 4410 desumptus
1849 4342 1884 4394 sit
1901 4349 1928 4394 et
1944 4341 2077 4394 mentione
2094 4343 2184 4411 templi
2202 4343 2312 4398 Virtutis
2329 4352 2358 4400 et

435 4410 533 4478 finam
554 4427 586 4463 eo
609 4419 680 4463 terre
696 4412 780 4464 cutte:
805 4410 840 4462 de
857 4410 951 4478 quibus
967 4409 1090 4463 rideatur
1107 4411 1140 4462 0.
1158 4410 1287 4462 Millerus
1308 4410 1337 4463 in
1386 4409 1506 4463 Honoris
1529 4416 1622 4463 auctus
1650 4426 1685 4462 ex
1706 4411 1757 4462 isto
1774 4409 1897 4462 Eumenii
1913 4412 1974 4463 loco
1991 4425 2014 4462 c.
2032 4409 2058 4463 7.
2075 4407 2102 4477 5.
2120 4411 2157 4477 I.,
2176 4412 2210 4463 de
2227 4428 2280 4479 quo
2297 4414 2358 4481 agi·

367 4476 508 4534 Archaeol.
526 4477 553 4546 9.
570 4478 629 4532 tos.
646 4496 673 4558 p.
690 4478 742 4532 loa
758 4492 816 4547 sqq.
1386 4493 1454 4531 mus.
1487 4478 1548 4542 Ego
1570 4477 1685 4543 ingenue
1706 4478 1808 4544 fateor,
1829 4494 1874 4548 me
1894 4494 1949 4531 non
1963 4477 2130 4546 intelligere,
2146 4480 2207 4532 loco
2224 4480 2356 4537 Sermauo

433 4545 481 4614 1⁰)
497 4547 577 4616 Apud
593 4546 699 4599 Limum
715 4547 790 4599 Libo.
806 4545 951 4598 XXXVIII.
968 4560 992 4597 e.
1008 4544 1052 4599 43.
1070 4544 1151 4612 legati
1162 4542 1337 4598 Ambracien—
1386 4544 1452 4611 quid
1469 4551 1628 4613 quantumve
1645 4545 1703 4598 ueri
1719 4545 1796 4598 lusit!
2246 4601 2251 4607 ,

368 4628 411 4666 ars
433 4612 594 4669 inducuntur
609 4621 765 4683 querentes,
789 4616 889 4681 templa
912 4620 969 4667 tuta
991 4614 1057 4666 urbe
1075 4630 1091 4665 a
1108 4613 1205 4665 Fuluio
1222 4613 1338 4681 spoliata
1456 4613 1503 4680 12)
1525 4613 1603 4666 Subit
1624 4612 1716 4666 mirari
1740 4609 1786 4680 qui
1802 4612 1900 4666 lacuum
1917 4610 1967 4680 sit,
1986 4618 2017 4665 ut
2033 4612 2173 4667 Ciceronis
2192 4613 2356 4684 interpretes

368 4681 706 4804 33333οι
721 4682 778 4803 ’τ’
794 4680 1336 4803 ’.’”..”’3.”ἰ-’3333
1386 4685 1490 4800 ltu
1698 4680 2168 4801 3”’.3’.’;.’3’..3’.”””
2184 4684 2292 4804 bru
2313 4690 2355 4765 ’·

428 4766 666 4899 03010ψῷὁὲ
689 4766 958 4871 baldalltlnltlialndu's
968 4765 1107 4897 limatis?
1125 4765 1263 4896 lucillum
1286 4831 1336 4867 sur
1386 4765 1448 4868 renl¹
1461 4766 1563 4883 aelati,n
1570 4765 1690 4898 c'oglltlll
1708 4765 2253 4898 dagni,proffiglmmnlquaffilrtanlulqg
2267 4767 2356 4887 pldlios:

368 4969 395 5022 ..
409 4885 769 5009 aestimante
782 4884 1337 5032 santulusalitio...ll
1387 4883 2148 5032 3333.33333333333333
2161 4886 2353 5007 3333

368 5027 398 5074 at
411 5020 484 5075 illias
502 5035 549 5074 eas
566 5027 653 5075 aetate
668 5022 723 5089 jam
740 5021 1026 5089 interrasseappareat,
1044 5020 1185 5097 siquidem
1203 5025 1257 5072 tum
1265 5019 1337 5073 Zeu·
1385 5021 1469 5073 Phnu
1493 5027 1658 5087 curamonta,
1681 5025 1771 5072 tamen
1791 5020 1825 5071 de
1846 5024 1938 5071 statura
1959 5019 2096 5073 Musarum
2118 5021 2353 5075 Ambraciensibus

367 5088 439 5143 xidIs
455 5090 657 5142 manullelena
673 5090 754 5142 modo
772 5095 799 5141 et
814 5088 936 5153 Marsyas
953 5087 1055 5139 Rornae
1073 5088 1234 5141 uisebantur.
1385 5088 1536 5154 loquantur.
1571 5088 1632 5153 Sic,
1655 5093 1685 5140 ut
1705 5090 1738 5140 A.
1755 5087 1870 5139 Hirtium
1892 5087 1920 5139 in
1937 5086 2006 5141 Hiss
2022 5086 2166 5141 Architect.
2186 5089 2255 5141 Vett.
2271 5089 2302 5143 P.
2319 5089 2353 5143 11.

435 5156 482 5227 11)
498 5157 541 5210 De
556 5155 693 5210 Musarum
711 5154 842 5220 occulata
855 5154 883 5207 in
894 5156 961 5206 aede
973 5155 1062 5222 aliqua
1075 5155 1199 5207 Hercuulis
1213 5172 1245 5207 ne
1259 5159 1336 5208 tenue
1386 5172 1413 5223 p.
1430 5156 1500 5221 208,
1516 5158 1557 5209 lo.
1576 5154 1719 5207 Gurlittum
1736 5154 1764 5207 in
1780 5154 1878 5223 Script
1894 5154 2037 5208 Archaeol.
2054 5173 2080 5275 p.
2097 5155 2156 5209 008
2166 5172 2220 5225 sq.,
2243 5156 2294 5209 lid.
2305 5157 2353 5211 la·

367 5223 475 5294 quidem
492 5225 634 5291 retugium
655 5241 689 5278 ne
708 5242 741 5278 ue
762 5224 833 5292 apud
851 5223 1008 5276 Ciceronem
1032 5238 1117 5289 aeque
1134 5222 1205 5290 apud
1221 5223 1337 5275 Plinium
1387 5223 1495 5276 cebium
1516 5223 1544 5275 in
1562 5222 1654 5274 Lexic.
1677 5220 1788 5288 Mytbol.
1811 5223 1843 5275 P.
1861 5223 1894 5274 ll.
1918 5240 1944 5290 p.
1961 5222 2021 5278 429.
2038 5223 2158 5301 a'osque
2174 5229 2353 5293 praetereant,

365 5293 513 5364 reperitur3
537 5294 616 5362 quid,
634 5241 818 5359 qualenam
850 5290 1200 5343 commemoratoblusarum
1217 5291 1338 5369 delubro,
1374 5290 1468 5343 'etiam
1486 5291 1519 5343 0.
1535 5290 1666 5343 Miullerns
1681 5288 1710 5341 in
1725 5287 1912 5368 tremente.
1930 5290 1987 5345 led.
2004 5291 2039 5343 N·
2056 5292 2082 5344 2
2099 5305 2156 5342 siue
2172 5293 2229 5369 ulla
2247 5291 2354 5371 dubita·

364 5360 511 5416 ΕοτυιιΙοιιι
533 5365 607 5414 uelut
628 5362 765 5414 Musarum
792 5330 930 5425 ailredum
952 5360 1032 5436 plane
1059 5359 1203 5410 excludere
1224 5358 1338 5436 violetur.
1386 5358 1460 5411 done
1483 5375 1537 5410 non
1559 5358 1640 5411 modu
1663 5358 1758 5411 aedem
1775 5359 1898 5411 Herculis
1915 5358 2052 5411 Musarum
2069 5375 2086 5410 s
2101 5358 2200 5411 Fulvio
2217 5357 2352 5415 caudatam

362 5427 459 5500 Meque
476 5428 620 5509 quidquam
637 5428 703 5481 lucis
718 5428 850 5497 praebent
866 5442 934 5494 quae
956 5428 1069 5492 legumus
1086 5426 1115 5477 in
1133 5425 1337 5478 Commentarius
1387 5441 1448 5478 esse
1471 5427 1510 5479 ait
1530 5442 1555 5478 a.
1571 5426 1605 5477 U.
1621 5424 1653 5478 C·
1671 5425 1746 5493 573„
1770 5427 1819 5478 sed
1842 5427 1911 5478 adeo
1933 5426 2069 5478 Musarum
2090 5430 2207 5493 saluas,
2231 5443 2299 5496 quae
2315 5443 2352 5484 cx

361 5497 455 5554 senii
476 5498 512 5550 ad
530 5496 625 5562 virgil.
647 5499 715 5550 Aen.
735 5495 810 5549 Libr.
828 5495 849 5548 l.
866 5510 892 5546 r.
910 5494 949 5548 Θ..
971 5494 1045 5561 „His
1063 5493 1112 5559 (ιο.
1129 5491 1226 5559 Musis)
1249 5494 1338 5546 Numa
1385 5493 1530 5547 Ambracia
1541 5494 1653 5546 Romam
1667 5494 1800 5547 'adrectae
1815 5493 1844 5546 in
1860 5493 1909 5546 illa
1924 5494 2028 5562 positae
2045 5491 2159 5560 luerint,
2174 5510 2272 5549 umus
2287 5495 2354 5551 dicit

353 5565 512 5622 'aediculam
529 5579 640 5617 aenam
657 5566 765 5618 brevem
778 5563 893 5630 lecerat,
910 5577 987 5631 quam
1000 5567 1093 5631 postea
1107 5562 1227 5627 decoelo
1239 5566 1335 5613 lacum
1385 5575 1485 5629 easque
1501 5562 1618 5628 Polyelia
1634 5559 1717 5616 luisse
1732 5561 1882 5631 suspicatur
1898 5557 1991 5627 0303.
2009 5560 2044 5615 N.
2059 5561 2086 5615 2
2112 5559 2155 5616 b·
2171 5562 2280 5634 Polynic
2296 5570 2354 5620 sta·

355 5642 386 5689 et
400 5635 431 5690 ir
449 5634 520 5689 sads
537 5630 656 5686 Honoris
672 5637 701 5685 et
717 5630 829 5687 tatutis
850 5632 1009 5698 collocatam
1025 5628 1138 5685 Fuluius
1160 5628 1285 5684 Nobilior
1306 5627 1335 5685 iu
1385 5628 1473 5683 tassio
1490 5629 1591 5685 viden
1608 5628 1707 5697 saucii
1723 5628 1810 5686 caut
1826 5628 1906 5684 Artis.
1922 5645 1950 5699 p.
1965 5627 2026 5684 010.

1896 5715 1945 5792 10
