5717 6575
1137 599 1179 676 V.
1205 602 1265 671 DE
1286 599 1502 672 CAESARIS
1523 598 1722 672 AUGUSTI
1760 584 1764 593 ⁸
1818 611 1820 616 ’

1383 827 1494 939 §.02

592 1016 756 1101 Prudens
781 1041 851 1120 ego
875 1019 981 1119 paulo
991 1016 1185 1136 copiosius
1209 1023 1399 1093 exsecutus
1422 1041 1504 1091 sum
1529 1014 1683 1092 Cornelii
1709 1013 1831 1092 Sullae
1856 1039 1950 1115 opus
1972 1015 2149 1093 derebus
2172 1015 2260 1114 suis,
2284 1039 2442 1116 quocum

441 1167 607 1249 magnam
631 1149 669 1217 et
690 1140 904 1215 luculentam
926 1112 1190 1212 simulitudinem
1212 1134 1383 1211 babuisse
1410 1135 1562 1211 arbitror
1584 1162 1646 1231 ea,
1669 1161 1762 1238 qune
1784 1160 1807 1210 a
1832 1135 1985 1213 Caesare
2008 1134 2173 1240 Augusto
2197 1136 2243 1213 de
2265 1137 2354 1213 Vita
2376 1161 2443 1213 sua

439 1263 637 1369 composita
656 1259 767 1335 inisse
790 1257 1002 1359 accepimus.
1053 1255 1111 1331 De
1131 1256 1220 1331 bis
1204 1280 1281 1355 Jarn
1315 1281 1516 1332 amacura
1547 1254 1721 1330 dicmris
1702 1281 1839 1331 sumus.

591 1382 778 1481 Augustus
801 1402 909 1479 prosa
931 1376 1091 1451 oratione
1114 1375 1313 1476 composuit
1337 1376 1455 1476 aliqua
1479 1374 1525 1450 de
1543 1375 1626 1450 Vita
1648 1399 1734 1472 suu,
1758 1376 1865 1474 quain
1889 1370 2059 1451 tredecim
2084 1375 2202 1471 libris,
2229 1375 2443 1453 Cantabriae

439 1512 543 1582 tenus
576 1500 686 1595 bello,
725 1522 792 1574 nec
823 1498 938 1592 ultra,
971 1496 1151 1597 exposuit.
1209 1497 1306 1572 Ilaec
1335 1494 1528 1576 Suetonius
1560 1519 1594 1570 c.
1617 1499 1702 1590 85.,
1743 1495 1806 1568 ubi
1841 1492 1887 1566 ad
1923 1502 2048 1594 aliqua
2079 1496 2249 1594 supplere
2272 1495 2443 1596 jubemur

441 1619 519 1711 dud
543 1624 615 1695 τοῦ
640 1620 771 1693 κοινοῦ
795 1622 996 1694 columina.
1045 1614 1158 1692 Infert
1182 1622 1306 1690 autem
1330 1613 1531 1691 Pronomen
1555 1610 1644 1689 illud
1669 1610 1899 1688 multitudinis
1924 1613 2115 1708 notionem,
2140 1619 2183 1688 ut
2205 1638 2267 1714 ap.
2291 1614 2442 1693 Suetou.

441 1741 488 1818 de
509 1741 561 1816 ill.
588 1738 655 1816 Gr.
679 1762 710 1819 e.
735 1739 791 1814 6.ι
813 1716 1117 1835 „composuitque
1140 1735 1260 1810 variae
1289 1733 1500 1811 eruditionis
1535 1733 1670 1832 aliquot
1702 1733 1903 1828 volumina,
1936 1757 1983 1807 ex
2013 1732 2144 1833 quibus
2175 1759 2309 1821 ,novem
2335 1736 2442 1827 unius

441 1859 650 1961 ιιιμοιίιια
680 1855 747 1930 bac
769 1862 888 1930 tamen
912 1853 1152 1949 restrictione,
1184 1878 1274 1955 quae
1309 1851 1459 1949 indicet,
1491 1860 1628 1952 purtem
1657 1834 1795 1926 tantum
1819 1853 1972 1952 aliquam
1994 1856 2109 1949 vitae,
2140 1878 2212 1927 non
2236 1852 2442 1930 universam

440 1981 551 2055 vitam
578 1976 623 2051 ab
646 1974 813 2076 Augusto
838 1972 1052 2074 descriptum
1074 1971 1198 2050 iuuisse.
1247 1974 1399 2074 Propter
1422 1974 1490 2065 boc
1513 1972 1739 2072 potissimum
1765 1997 1856 2071 opus
1883 1973 2001 2045 locum
2029 1971 2123 2063 inter
2144 1973 2342 2048 Historicos
2367 1972 2441 2048 La·

440 2099 532 2187 tinas
557 2077 743 2201 Augustus
767 2093 901 2195 accepit
925 2117 984 2193 ap.
1009 2092 1058 2171 G.
1079 2093 1113 2171 J.
1137 2091 1304 2169 Vossium
1330 2091 1430 2168 Libr.
1445 2090 1485 2166 Ἰ.
1519 2095 1638 2189 ele.
1672 2117 1712 2190 p.
1740 2095 1822 2184 28„
1849 2091 1911 2164 ubi
1945 2116 2036 2191 quae
2065 2093 2204 2192 reliqua
2236 2094 2269 2168 ei
2304 2091 2441 2169 adseri·

352 2314 354 2319 .
439 2217 570 2299 buntur
595 2214 794 2319 argumenti
816 2212 973 2287 historici
998 2236 1128 2313 opera,
1158 2236 1205 2289 ea
1224 2237 1292 2287 suo
1315 2210 1480 2312 deinceps
1501 2212 1579 2285 loco
1605 2210 1896 2285 examinabimus.
1912 2210 1949 2306 ⁶)

593 2333 640 2409 In
675 2357 823 2413 numero
860 2330 1030 2425 librorum
1069 2335 1165 2407 nulla
1207 2331 1381 2406 invenitur
1411 2329 1582 2405 Codicum
1618 2327 1851 2429 bscrepantia
1890 2328 1986 2429 apud
2024 2327 2271 2427 Suetonium,
2289 2355 2441 2431 quocum

439 2424 522 2531 iacit
546 2450 696 2528 Suidusr
721 2449 944 2553 Αὔγουστος
972 2446 1189 2549 Kuiuup,‘
1171 2446 1283 2526 ικαὶ
1313 2445 1535 2548 Σεβαστὸς
1545 2444 1612 2523 καὶ
1635 2445 1888 2545 Ὀκταβιανὸς
1918 2447 2151 2543 ἐπικληθεὶς,
2181 2449 2325 2553 ἔγραψε
2356 2448 2442 2550 περὶ

441 2578 514 2647 τοῦ
548 2567 651 2646 ιιίου
681 2565 773 2668 βίου
806 2563 874 2643 ’καὶ
904 2593 985 2644 των
1014 2563 1196 2667 πράξεων
1219 2563 1355 2667 βιβλία
1380 2594 1421 2670 ty
1442 2592 1477 2643 κ.
1502 2592 1540 2645 u.
1561 2571 1595 2645 i.
1626 2565 1710 2643 Vol.
1734 2566 1828 2668 Lp.
1854 2571 1944 2644 851.
1967 2567 2013 2644 Β.
2051 2567 2196 2668 Quodsi
2213 2572 2324 2672 igitur
2346 2571 2442 2647 Tor·

440 2692 575 2783 rentius
596 2686 644 2763 ad
666 2687 876 2765 Suetoniil.
901 2712 932 2762 e.
957 2684 1067 2763 edidit
1090 2692 1257 2785 „XM
1284 2689 1465 2781 ιιιιιι,“
1472 2693 1604 2761 temere
1627 2694 1769 2762 secutus
1793 2686 2015 2782 Plautinum,
2050 2695 2092 2761 ut
2113 2688 2339 2766 Burmannus
2361 2716 2442 2766 mo-

441 2816 524 2905 net,
549 2833 706 2885 errorem
732 2792 888 2881 dicemus
913 2831 993 2883 esse
1025 2786 1163 2889 iutileru
1192 2831 1304 2913 usqae
1327 2806 1435 2881 ullius
1465 2806 1547 2880 libri
1577 2805 1665 2881 Muti
1700 2831 1876 2880 consensu
1905 2804 2093 2882 firmatum.
2148 2807 2299 2885 Fallitur
2324 2812 2442 2907 etiam,

442 2928 631 3003 adnotante
654 2926 833 3021 Fabricio,
860 2925 929 3003 vir
951 2926 1108 3020 Doctus,
1131 2926 1194 3026 qui
1217 2924 1265 2999 ad
1287 2923 1390 3000 Libr.
1411 2924 1590 3002 XLVIII.
1614 2925 1755 3026 uigeat.
1780 2924 1836 3002 tit.
1862 2929 1926 3002 24.
1953 2931 1987 3003 l.
2011 2926 2153 3022 scribit,
2185 2932 2307 3008 decem
2330 2928 2440 3005 libros

444 3045 789 3124 Commentariorum
812 3043 857 3119 de
882 3044 964 3120 Vita
990 3070 1056 3121 sua
1073 3044 1126 3120 ab
1149 3044 1314 3147 Augusto
1341 3045 1495 3145 scriptos
1525 3044 1654 3120 fuisse.

595 3163 652 3239 De
679 3165 780 3237 titulo
802 3164 943 3238 illorum
965 3163 1073 3240 XIII.
1090 3163 1258 3239 librorum
1278 3189 1337 3239 res
1357 3165 1574 3265 ambigua
1547 3170 1602 3239 est
1627 3172 1663 3238 et
1688 3187 1860 3264 perquam
1883 3163 2028 3240 incerta.
2078 3161 2280 3276 Scriptores
2299 3130 2442 3253 Graec,

444 3308 535 3387 quos
561 3285 694 3397 sciam,
716 3308 838 3358 omncs
862 3282 913 3359 eis
937 3290 1018 3359 τῶν
1041 3278 1345 3393 ὑπομνημάτων
1356 3309 1486 3388 nomen
1508 3282 1716 3386 imponunt,
1737 3291 1899 3384 excepto
1924 3281 2060 3379 Suida,
2092 3284 2154 3384 qai
2186 3286 2260 3362 veri
2293 3285 2441 3362 similius

338 3387 344 3398 ¹
442 3391 557 3518 reddit
562 3391 802 3514 ,Augustum
825 3428 892 3478 suo
914 3402 1013 3504 opori
1037 3403 1175 3478 titulum
1196 3402 1323 3480 fecisse
1359 3403 1406 3477 de
1438 3403 1521 3478 via
1552 3411 1680 3498 suaet
1703 3403 1811 3478 rebus
1836 3406 1957 3505 gestis.
2008 3400 2256 3505 Utrumque
2232 3430 2441 3505 υπομνη-

442 3503 513 3622 pud
518 3548 615 3598 των
633 3525 668 3598 ιι
684 3530 1026 3601 commentariorum
1046 3548 1176 3598 nomen
1188 3547 1249 3622 ep.
1265 3503 1465 3624 utrumque
1479 3525 1660 3622 populum
1683 3522 1852 3596 latissime
1872 3528 1969 3623 patet
1991 3521 2324 3625 significationibus,
2352 3550 2440 3628 quas

442 3641 635 3718 verborum
659 3648 844 3716 contextus
865 3640 1010 3718 delinire
1033 3643 1140 3719 solet.
1196 3640 1319 3741 Quare
1343 3667 1392 3717 ex
1414 3636 1705 3738 ὑπομνημάτων
1735 3639 1829 3740 apud
1855 3640 2012 3718 Graecos
2038 3644 2349 3744 cognominatione
2373 3645 2441 3721 mi·

442 3760 539 3856 nime
569 3761 748 3862 sequitur,
781 3766 823 3835 ut
853 3762 1080 3863 Augustum,
1111 3761 1433 3868 avunculimagni
1460 3760 1692 3864 eemrdotione
1722 3757 1930 3855 adductum,
1961 3753 2046 3836 suos
2083 3758 2129 3836 de
2150 3762 2234 3838 Vita
2263 3764 2439 3868 mbusqne

442 3869 557 3960 libros
579 3887 930 3962 Commentariorum
952 3882 1097 3958 nomine
1118 3881 1344 3990 insignivisse
1365 3876 1511 3984 credere
1531 3877 1731 3957 debeamus.
1747 3878 1782 3978 ⁷)
1833 3877 1876 3953 Id
1895 3879 1929 3954 si
1951 3879 2121 3978 lecisset,
2144 3882 2232 3957 mibi
2254 3892 2350 3961 certa
2371 3911 2437 3962 uon

510 4134 543 4204 9)
560 4135 603 4188 Ab
625 4134 677 4189 hoc
699 4152 783 4204 opere
805 4138 888 4203 longe
912 4136 1046 4190 diversum
1068 4135 1182 4203 aliisque
1205 4136 1241 4188 ab
1259 4134 1418 4189 auctoribus
1469 4132 1634 4188 domesticae
1652 4149 1684 4187 ae
1702 4133 1796 4203 prime
1813 4151 1922 4192 snorum
1941 4134 2060 4190 omnium
2076 4136 2196 4192 breviter
2212 4134 2435 4203 consignarentur

444 4215 579 4286 directum
602 4233 662 4271 esse
684 4219 769 4285 illud,
790 4220 825 4272 de
848 4234 903 4287 quo
924 4220 1031 4273 Plinius
1055 4219 1091 4273 Η.
1112 4220 1148 4274 N.
1164 4219 1242 4273 Libr.
1259 4220 1317 4274 vn.
1334 4235 1357 4273 e.
1373 4221 1417 4275 1³.
1469 4222 1497 4272 et
1513 4217 1662 4271 memoriae
1679 4235 1776 4273 caussa
1793 4219 1894 4273 ibidem
1911 4225 2091 4274 sanarentur.
2109 4219 2255 4273 Suetonius
2271 4224 2342 4288 Aug.
2358 4238 2383 4277 ι.
2395 4222 2435 4277 94

445 4302 475 4372 ς.
490 4301 535 4356 bd.
552 4302 718 4355 mentionem
741 4303 823 4370 iacit,
847 4303 988 4356 adnotavit
1005 4302 1148 4356 Fabricius
1168 4302 1253 4357 adh.
1269 4304 1339 4372 ip.
1355 4304 1417 4358 191.
1468 4316 1517 4356 ιιι
1540 4304 1661 4371 appellat
1683 4306 1910 4358 commentarios
1926 4308 2048 4359 dimove
2063 4304 2121 4358 sive
2141 4308 2212 4358 acra
2229 4306 2355 4376 dimo,
2370 4322 2434 4372 ,reus

444 4388 514 4441 aeta
533 4390 683 4453 tempomm
706 4384 770 4438 Divi
792 4387 928 4454 Augusti,
945 4403 1014 4456 quae
1031 4386 1069 4441 ibi
1086 4392 1284 4454 memorantur,
1303 4383 1415 4442 suntad
1467 4386 1492 4441 si
1514 4392 1556 4440 est
1579 4388 1726 4441 Burmanni
1750 4390 1904 4455 conjectura
1926 4404 1971 4457 ap.
1998 4388 2109 4444 Sueton.
2131 4389 2229 4443 Claud.
2253 4390 2337 4446 ι..41
2370 4393 2435 4449 Sust

444 4462 636 4544 ὑιιιμνήιιιιια
657 4464 689 4521 rd
709 4464 828 4540 δημόσια
850 4489 894 4541 sp.
911 4472 1026 4525 Dionem
1048 4472 1127 4527 Cass.
1141 4471 1223 4526 Libe.
1240 4472 1308 4530 1111.
1331 4489 1356 4527 o.
1373 4474 1418 4530 19.
1467 4470 1509 4525 1111
1522 4461 1927 4539 Commentarttprtnetpctee,
1941 4473 2302 4553 quosdicit'l'acitosllist.
2314 4476 2433 4535 Luam

445 4554 513 4625 ibiq.
531 4554 586 4610 vid.
603 4555 745 4608 Fabricius
761 4557 797 4613 N.
815 4557 866 4610 194
882 4563 911 4611 et
927 4557 986 4611 195.
1078 4576 1082 4584 ’
1201 4585 1204 4590 ·
1420 4549 1424 4592 ’-
1468 4572 1493 4613 o.
1510 4557 1553 4612 ll).
1558 4557 1687 4626 ,pariter
1709 4562 1788 4630 atque
1810 4555 1906 4609 11111ι
1923 4557 2058 4626 Principia
2075 4559 2155 4611 domo
2172 4546 2285 4628 repositi
2302 4565 2330 4615 et
2346 4568 2433 4617 custo·

513 4638 545 4707 t)
562 4639 609 4693 Sic
627 4639 756 4694 Tiberius
773 4657 878 4711 qnoque
897 4642 1125 4696 Commentarinur
1143 4643 1181 4696 de
1195 4657 1245 4696 sua
1263 4642 1325 4696 Vita
1341 4659 1416 4696 snm·
1468 4641 1537 4709 diti,
1555 4657 1674 4724 qnorum
1692 4646 1780 4693 tamen
1806 4636 1928 4705 αιἰισψια
1951 4649 1979 4695 et
1994 4659 2059 4696 usus
2077 4642 2193 4711 Tacito,
2210 4646 2361 4715 Suetonio,
2377 4646 2432 4702 aliis

445 4725 537 4782 mutim
567 4724 739 4793 breviterque
765 4724 948 4795 composuisse
973 4727 1073 4780 fertore
1108 4728 1165 4782 vid.
1193 4725 1305 4783 Sueten.
1330 4744 1354 4780 c.
1372 4730 1417 4783 61.
1467 4742 1557 4781 rerum
1581 4725 1757 4795 scriptoribus
1778 4742 1829 4797 per
1849 4725 1983 4795 Principis
2012 4727 2126 4792 gretiam
2147 4735 2281 4796 paterent.
2321 4731 2367 4785 Ad
2386 4730 2434 4787 bct

444 4812 471 4868 Δ
488 4807 621 4877 Claudio,
637 4808 745 4863 bomine
761 4827 905 4865 vacmoso
924 4812 972 4864 aad
990 4812 1139 4879 industrio,
1157 4812 1274 4865 delita
1289 4827 1338 4865 sua
1355 4819 1416 4866 octo
1468 4810 1643 4879 scriptionum
1661 4825 1747 4875 genus
1764 4809 1838 4863 reier
1860 4827 1904 4879 sp.
1927 4812 2085 4865 Suetonium
2110 4811 2199 4879 calig.
2221 4830 2245 4869 c.
2263 4810 2320 4871 15..
2338 4829 2434 4884 „eon-

445 4895 586 4951 volnmioa
602 4893 690 4959 magia
706 4894 797 4962 inepte
814 4911 892 4963 quarn
910 4894 1079 4963 ineleganter
1102 4897 1257 4965 eouscdpta
1274 4897 1359 4950 scisse
1376 4904 1418 4950 te-
1467 4894 1614 4948 mestarros
1624 4896 1659 4946 ad
1670 4894 1764 4947 matris
1778 4892 1943 4963 fratrumque
1952 4911 2061 4949 caumas
2079 4898 2264 4965 pertinentes“
2265 4939 2275 4967 ,
2292 4916 2360 4971 qnos
2375 4917 2435 4956 eou-

446 4984 534 5036 statur
551 4979 698 5033 Suetonius
722 4996 746 5034 c.
769 4980 813 5034 41.
851 4980 935 5048 uuio,
960 4980 1032 5048 quod
1058 4980 1170 5033 'l'acitus
1195 4979 1417 5035 sn.Lior.1v.
1467 4995 1601 5034 cremasse
1623 4996 1654 5033 se
1678 4978 1803 5045 Caligula
1819 4976 1972 5045 simulavit,
1992 4980 2039 5032 sed
2070 4981 2185 5050 posthac
2207 4985 2320 5053 protulit
2339 5001 2365 5042 c.
2384 4985 2434 5054 91,

447 5081 472 5121 o.
487 5065 533 5120 59.
550 5064 619 5129 legit
635 5064 850 5118 Commentarios
868 5065 1051 5133 Agrippinae,
1076 5064 1105 5117 in
1127 5063 1222 5132 quibus
1246 5066 1344 5118 mulier
1367 5063 1417 5120 illa
1466 5064 1514 5118 ubi
1531 5066 1618 5116 tsoeru
1636 5064 1761 5131 andiunt,
1778 5063 1817 5116 nti
1839 5058 1992 5131 γράμματα
2017 5080 2061 5132 ap.
2078 5066 2160 5121 Dion.
2178 5068 2435 5125 Caes.l.ibr.1.11.

446 5150 534 5219 perita
551 5156 579 5202 et
594 5148 743 5215 industria,
759 5147 874 5214 Augusti
891 5150 1048 5219 proneptis,
1072 5149 1271 5204 Clsndliuxor
1287 5156 1314 5202 et
1330 5151 1421 5203 Nero-
1469 5164 1494 5203 c.
1510 5148 1537 5204 4.
1553 5148 1619 5216 ibiq.
1640 5146 1781 5202 Fabricius
1803 5149 1839 5203 N.
1855 5149 1900 5203 45.
1922 5149 1996 5204 Stre.
2033 5151 2095 5204 Huc
2116 5150 2276 5206 referendos
2296 5154 2378 5209 etiarn
2398 5156 2436 5222 is·
2485 5215 2487 5220 ,

447 5235 491 5288 sis
509 5240 603 5301 mater,
622 5250 698 5286 snam
715 5232 796 5286 vitam
814 5238 842 5284 et
856 5248 937 5285 usus
954 5249 1064 5287 snorum
1081 5236 1198 5304 posteris
1214 5241 1418 5289 memoraverat.
1470 5232 1533 5286 dico
1556 5234 1793 5300 „commutarim
1816 5239 1844 5286 et
1867 5238 1928 5285 sets
1949 5233 2055 5287 'liberii
2083 5235 2236 5289 Caesaris“
2260 5253 2306 5308 sp.
2328 5239 2434 5296 Sueten.

447 5318 506 5372 Hos
531 5319 648 5372 devita
667 5318 753 5370 libros
776 5316 835 5371 slve
854 5316 1068 5371 Commentarios
1092 5319 1166 5385 nego'
1184 5320 1299 5388 scriptos
1324 5318 1419 5388 inisse,
1468 5317 1569 5372 Domit.
1594 5333 1617 5372 e.
1635 5317 1695 5383 20.;
1718 5318 1826 5385 quidam
1850 5318 2005 5385 intelligunt
2026 5318 2131 5373 Tiberii
2154 5320 2383 5379 commentarium
2403 5323 2436 5379 da

446 5402 494 5471 qui
511 5418 637 5470 umquam
654 5402 807 5469 ederentur,
820 5401 869 5454 sed
885 5400 1002 5469 posteris
1019 5401 1139 5456 familias
1155 5404 1185 5456 iu
1202 5404 1322 5457 acontio
1339 5404 1419 5472 prin·
1468 5403 1541 5459 vita.
1575 5402 1688 5469 injuria!
1722 5403 1818 5472 Neque
1834 5403 2046 5471 „Commentarii
2063 5404 2147 5475 patris
2164 5404 2225 5461 sui“
2240 5407 2262 5462 i.
2276 5424 2304 5465 e.
2320 5408 2436 5477 Claudii,

448 5485 531 5555 cipali
555 5493 709 5541 asservatos
732 5502 794 5541 essa
820 5486 913 5555 credo.
953 5488 996 5541 ab
1020 5486 1063 5541 liis
1089 5487 1286 5555 distinguamus
1311 5493 1420 5557 oportet
1469 5479 1555 5557 patris
1573 5487 1709 5557 adoptivi,
1734 5504 1801 5557 quos
1818 5489 1892 5543 Nero
1916 5488 1980 5543 citat
1997 5506 2041 5559 ap.
2063 5491 2190 5545 'l’acitum
2206 5493 2260 5551 An.
2275 5493 2354 5552 Libe.
2369 5494 2435 5552 xlii

449 5571 518 5626 alios
537 5571 766 5641 Commentarios,
795 5569 825 5624 in
847 5570 946 5639 quibus
969 5588 986 5625 a
1009 5573 1207 5642 patrefamilias
1219 5573 1349 5642 :qnotidie
1372 5581 1417 5629 tes
1469 5589 1495 5634 c.
1510 5573 1570 5643 49.,
1587 5578 1649 5630 sunt
1665 5579 1726 5629 ecto
1742 5574 1792 5668 illa
1815 5575 1850 5629 de
1867 5573 1931 5632 Vita
1948 5573 2056 5631 Claudii
2072 5575 2227 5633 volumius.-

681 5737 703 5782 Χ
