5717 6575
428 628 506 708 ass
1135 548 1746 692 canonicarum
1845 706 1850 715 ¹

436 815 508 893 ruit
529 814 656 911 minis,
681 817 729 889 'ut
753 812 785 888 is
810 837 851 887 se
868 807 1171 912 praecipitaverit.
1221 805 1270 883 Et
1295 815 1336 900 Q.
1365 815 1549 905 Gallium,
1581 807 1810 908 Praetorem,
1838 808 1878 884 in
1902 806 2021 885 officio
2044 808 2262 885 salutationis
2286 809 2428 893 tahohas

437 936 596 1038 duplices
620 941 721 1013 vaste
745 940 855 1008 tectas
880 938 1071 1027 tenentem,
1095 929 1297 1030 suspicatus
1322 928 1480 1031 gladium
1507 933 1677 1027 occulere,
1703 956 1770 1006 nec
1798 930 1988 1034 quicquam
2011 933 2149 1045 subm,
2182 959 2230 1008 no
2254 932 2353 1008 alind
2375 934 2431 1011 in·

438 1056 632 1153 remrctur,
654 1079 764 1130 ausus
786 1053 974 1154 inquirere,
997 1053 1104 1153 paulo
1129 1056 1211 1151 post
1237 1075 1304 1149 per
1328 1049 1562 1128 Centuriones
1583 1058 1619 1126 et
1639 1052 1769 1128 milites
1791 1061 1933 1154 raptum
1957 1078 1979 1128 e
2004 1053 2186 1150 adunat,
2211 1054 2433 1140 servilemin

439 1174 586 1275 modum
609 1176 735 1267 torsit3
762 1199 802 1248 ac
827 1174 995 1247 fatentem
1020 1171 1107 1245 nibil
1127 1170 1234 1270 jussit
1259 1169 1383 1264 occidi,
1409 1171 1510 1270 prius
1533 1172 1642 1247 oculis
1668 1177 1746 1272 ejus
1772 1194 1967 1256 suamann
1993 1173 2152 1249 effossis:
2187 1201 2293 1276 quem
2319 1181 2434 1252 nmen

321 1344 327 1386 3
440 1298 559 1374 scribit
584 1295 752 1396 colloquio
778 1295 887 1394 petito
919 1291 1121 1367 insidiatum
1146 1289 1235 1385 sibi,
1271 1293 1537 1390 conjectumque
1561 1317 1585 1365 a
1609 1312 1649 1368 se
1671 1294 1709 1368 in
1731 1293 1944 1392 custodiam,
1977 1291 2104 1369 deinde
2127 1294 2225 1370 Urbe
2254 1295 2435 1372 interdicta

442 1416 638 1511 dimissum,
663 1414 852 1516 naufragio
872 1415 931 1487 vel
953 1416 1128 1487 latronum
1150 1409 1291 1484 insidiis
1316 1411 1489 1509 perisse.“
1502 1409 1554 1505 3²)

595 1537 799 1636 Numquam
823 1560 889 1636 ego
914 1534 1006 1607 bunc
1027 1532 1191 1608 Suetonii
1206 1531 1330 1638 ,locum
1352 1530 1472 1629 legere
1497 1531 1600 1630 potui
1626 1531 1712 1634 quin
1736 1533 1775 1608 in
1798 1541 1872 1609 toto
1898 1559 1930 1610 c.
1944 1538 2007 1612 27.
2032 1541 2240 1609 consuetum
2265 1536 2302 1611 ei
2318 1534 2435 1639 dispo·

441 1655 549 1731 nendi
562 1655 801 1754 narrandique
808 1653 968 1728 ordinem
977 1678 1082 1754 aegre
1090 1650 1329 1726 desiderarem
1335 1649 1605 1752 mirabilemque
1610 1677 1727 1727 rerum
1737 1649 1975 1729 decorosius
1981 1652 2231 1753 improbarem.
2245 1655 2435 1759 'Fr'anqnib

442 1776 600 1850 lusenim
613 1775 813 1876 aprincipio
825 1773 958 1873 Capitis
967 1771 1127 1848 acerbam
1138 1772 1241 1847 istam
1247 1770 1401 1870 Augusti
1411 1770 1653 1869 pertinaciam,
1672 1774 2047 1873 quaProscriptionem
2060 1774 2236 1876 inceptam
2251 1776 2435 1853 merent

444 1920 600 1995 suosque
607 1899 758 1996 collegas
773 1891 1014 1987 antecedebat,
1025 1893 1120 1966 inter
1133 1893 1201 1966 alia
1218 1916 1261 1964 eo
1279 1896 1376 1963 notat
1389 1896 1425 1963 et
1436 1887 1613 1986 describit,
1625 1892 1730 1992 quod,
1748 1894 2008 1994 neglectaomni
2023 1894 2164 1993 pietatis
2174 1895 2435 1973 necessitudine

366 2088 370 2092 .
443 2012 623 2115 officiique
649 2016 835 2116 religione,
870 2016 975 2089 etiam
998 2012 1217 2086 Thoranium
1246 2017 1403 2084 tutorem¹
1424 2035 1529 2084 suum
1543 2009 1798 2111 ‘eumdemque
1828 2016 2000 2115 collegam
2025 2015 2135 2114 patris
2160 2015 2217 2090 sui
2241 2015 2434 2092 Octaviiin

409 2221 418 2227 ,
443 2132 623 2208 aedilitate
642 2134 910 2234 proscripserat,
919 2135 970 2235 3³)
995 2131 1119 2231 idque,
1146 2156 1251 2231 quam
1276 2128 1394 2223 dirus,
1419 2136 1560 2227 peraeta
1581 2133 1657 2230 jam
1679 2132 1962 2233 Proscriptione,
1985 2157 2165 2234 quamque
2188 2134 2229 2208 in
2249 2158 2294 2213 ea
2318 2160 2434 2236 perse·

443 2251 581 2354 quenda
606 2254 770 2353 pertinax
795 2253 925 2340 suerit,
958 2251 1156 2326 testimonio
1180 2248 1333 2351 quodam
1357 2246 1565 2322 confirmare
1587 2248 1717 2326 studet.
1768 2250 1882 2328 Simul
1902 2278 1987 2327 vero
2011 2250 2059 2327 ad
2083 2279 2166 2339 cnm
2189 2254 2452 2331 excusandum-

442 2373 560 2460 affert,
588 2381 808 2474 quantopere
829 2373 946 2471 ipsum
969 2372 1075 2470 hujus
1101 2370 1243 2445 rationis
1263 2369 1377 2443 serius
1403 2369 1616 2468 poenituerit
1636 2377 1672 2446 et
1692 2372 1885 2446 humaniter
1909 2373 2004 2447 facto
2020 2362 2222 2448 'aduncam
2237 2381 2344 2449 autea
2364 2377 2435 2450 cul·

380 2576 385 2586 1
442 2515 527 2591 pam
556 2490 759 2568 redemerit.
809 2494 907 2568 llaec
938 2492 975 2566 in
1004 2497 1119 2587 unta,
1156 2496 1286 2592 quanta
1316 2488 1369 2562 uti
1401 2487 1488 2563 abas
1516 2491 1666 2588 assedet,
1705 2490 1874 2566 brevitate
1902 2490 1951 2565 ad
1981 2491 2250 2569 describendum
2283 2493 2433 2599 Augusti

442 2747 560 2803 mitiores
578 2754 749 2803 memorator.
766 2748 856 2803 Homo
873 2752 964 2800 tamen
981 2745 1103 2813 ignotus,
1121 2744 1200 2811 enine
1218 2760 1314 2797 nornen
1328 2742 1413 2798 variis
1463 2741 1546 2797 fuerit
1564 2745 1693 2814 Praetor,
1714 2745 1870 2814 ignoratur:
1895 2745 1923 2800 ei
1940 2748 2058 2824 delatam
2075 2764 2136 2802 esse
2158 2753 2315 2818 praeturam
2331 2750 2368 2804 sb
2383 2750 2433 2806 lsi.

442 2832 605 2899 conjecturis
629 2834 664 2887 ab
682 2835 770 2902 lntpp.
787 2833 862 2887 sarie
880 2837 1027 2896 tentatum,
1051 2837 1080 2884 nt
1101 2831 1194 2884 sidere
1217 2829 1282 2883 licet
1304 2829 1332 2881 iu
1354 2830 1413 2883 Ru·
1465 2829 1593 2899 Caesare,
1609 2831 1764 2900 suspicatur
1781 2832 1946 2901 Garatonius
1965 2833 2000 2886 ad
2019 2832 2108 2889 Cicer.
2126 2835 2146 2889 1.
2157 2849 2180 2887 c.
2197 2833 2226 2886 in
2244 2834 2312 2894 edit.
2329 2836 2431 2891 weris

441 2917 523 2986 pertii
540 2918 642 2971 adnot.
659 2919 721 2973 Vol.
741 2920 762 2972 1.
780 2936 806 2987 p.
817 2919 860 2972 32.
886 2916 997 2988 Lipsius
1016 2922 1045 2970 et
1060 2915 1179 2983 Ryclsius
1197 2930 1258 2966 eum
1275 2913 1414 2966 nominant
1465 2913 1546 2966 dorbi
1564 2916 1597 2969 T.
1608 2917 1640 2968 ll.
1657 2917 1757 2984 paea.
1773 2917 1885 2970 Antonii
1903 2917 2004 2971 amicos
2021 2915 2081 2969 aus*
2098 2914 2269 2988 drstcppness
2287 2922 2433 2989 appellator

411 3029 419 3046 s
443 3004 522 3056 Sext.
534 3005 651 3054 ransom
658 3002 778 3068 Afrum.-
797 3018 849 3070 qua
862 3001 1029 3066 anctoritate,
1041 2999 1182 3053 senescire
1194 2997 1414 3051 iatctnroudeu·
1463 2998 1613 3068 innocens,
1630 3005 1660 3054 nt
1670 3001 1774 3055 Annius
1793 3001 1870 3055 audit
1887 2995 2067 3074 φιλάδελφος.
2095 3003 2127 3055 ln
2142 3003 2270 3074 Appiano
2283 3005 2315 3069 Q.
2326 3006 2433 3060 asam

444 3082 567 3154 dorp'ius.
582 3086 904 3141 AsconiusPediannsad
914 3084 1106 3141 Ciconltlilou.
1123 3101 1151 3152 p.
1161 3083 1204 3137 ³3.
1223 3085 1271 3139 Or.
1281 3087 1415 3137 memorat
1465 3083 1625 3148 designatur
1647 3078 1768 3156 ἀδελφός
1788 3080 1910 3154 Μάρκου
1932 3086 2054 3141 Γαλλίου
2076 3083 2207 3147 συνόντος
2225 3087 2374 3160 Ἀντωνίῳ.
2404 3092 2431 3147 ls

443 3173 807 3240 Sea.TsdinmSenatorem,
825 3172 872 3241 qni
889 3173 1022 3225 sublatum
1039 3168 1172 3225 P.Clodii
1190 3169 1306 3221 addaces
1317 3168 1414 3221 lectica
1463 3168 1554 3221 medio
1572 3170 1735 3238 relinquam,
1758 3170 1866 3224 idemne
1883 3171 1934 3240 sit,
1952 3173 1987 3225 dc
2004 3189 2057 3242 quo
2075 3173 2221 3227 Suetonius
2239 3174 2338 3231 Tibcr.
2355 3193 2379 3234 r.
2394 3177 2430 3233 ds

443 3271 495 3309 sna
517 3258 630 3310 Romam
653 3254 721 3309 sarri
741 3255 832 3322 iussit.
866 3257 938 3310 Num
964 3255 1036 3309 torte
1061 3252 1132 3308 hune
1155 3256 1244 3305 mente
1271 3252 1413 3307 habuerint
1464 3253 1552 3321 „Post
1567 3254 1682 3308 reditum
1700 3255 1729 3308 in
1740 3256 1841 3310 Urbem
1851 3243 1876 3310 ‘a
1892 3258 1931 3313 Μ.
1945 3258 2036 3313 Gallio
2054 3259 2186 3313 Senatore
2202 3263 2368 3318 testamento
2385 3263 2431 3318 ad·

418 3409 421 3414 r
442 3337 552 3408 Lipsius
570 3347 598 3394 et
614 3340 744 3408 llyckius,
762 3342 863 3396 nescio.
885 3343 922 3396 at
938 3339 1098 3394 aSuetonio
1116 3337 1197 3391 etiem
1210 3345 1324 3392 vocatur
1335 3341 1414 3394 Con·
1464 3343 1582 3407 optatus,
1599 3339 1751 3394 hereditate
1768 3342 1853 3410 adita,
1870 3359 1933 3397 mox
1950 3343 2058 3396 nomine
2076 3344 2223 3399 abstinuit:
2240 3347 2314 3420 quod
2328 3347 2430 3422 Gallim

441 3428 489 3478 aul
505 3427 688 3493 designatae:
713 3418 812 3495 quibus
830 3423 976 3480 comitiis?
995 3429 1022 3477 et
1039 3441 1088 3493 per
1104 3419 1202 3493 quemi
1226 3424 1325 3478 Fuitne
1341 3424 1414 3477 inter
1464 3425 1641 3478 adversarum
1652 3428 1774 3492 Augusto
1791 3426 1909 3497 partium
1926 3426 2046 3483 iuerat.“
2067 3429 2150 3483 Aetas
2163 3430 2295 3500 quadrat!
2315 3432 2431 3497 Quintus

442 3526 499 3570 sos,
518 3527 585 3579 qnos
595 3511 717 3564 Dictator
733 3510 762 3563 in
779 3500 879 3565 bellum
896 3510 1051 3584 Parthicum
1069 3509 1241 3579 proiecturus
1258 3508 1413 3577 praedesti·
1464 3510 1577 3562 Gallina
1598 3509 1650 3563 tuit
1669 3516 1778 3579 praetor
1795 3528 1823 3569 a.
1839 3512 1873 3567 U.
1892 3512 1925 3569 C.
1933 3512 1992 3568 711.
2010 3520 2090 3582 atque
2105 3516 2231 3580 Augusto
2250 3533 2363 3586 operam
2379 3524 2431 3573 ste·

441 3591 714 3649 aareratConsnles?
732 3596 879 3650 Haeccnm
896 3594 1122 3663 ignorantissimis
1138 3594 1236 3660 ignoro
1255 3600 1283 3648 et
1299 3592 1415 3648 transie·
1465 3591 1591 3662 diemque
1612 3595 1785 3663 praestiterat
1806 3596 1836 3650 in
1858 3596 1991 3656 comitiis.
2024 3598 2288 3667 epicaustorium
2309 3618 2347 3658 ax
2366 3604 2430 3660 eod.

444 3684 509 3733 runt
529 3696 622 3734 omncs
640 3681 759 3750 loterpp.
777 3681 849 3735 sicco
871 3683 942 3750 pede
970 3680 1041 3734 hune
1063 3680 1210 3733 Consulem
1233 3679 1414 3746 designatum.
1462 3676 1573 3733 blemm.
1590 3680 1705 3733 lectione
1722 3680 1826 3749 effusos
1848 3681 2004 3737 emendarit
2018 3682 2148 3738 Heinsius
2166 3684 2284 3753 effluis:
2309 3688 2356 3744 eni
2372 3674 2430 3747 eos·

414 3773 418 3780 ‘
444 3764 587 3819 Caeterum
609 3766 736 3821 Pinarius
760 3772 788 3820 et
811 3768 915 3826 Tadius
935 3766 1003 3821 ater
1025 3781 1080 3818 uon
1098 3763 1244 3834 proscripti
1261 3770 1336 3832 sont,
1363 3764 1413 3818 sed
1461 3762 1584 3829 jacturae
1602 3767 1890 3835 assensnmpraebeut
1907 3768 2031 3823 Oudend.
2050 3774 2078 3824 et
2093 3769 2188 3839 Wolf„
2204 3770 2271 3840 qnia
2288 3774 2429 3831 verisimi-

443 3850 557 3918 angusti
573 3851 721 3919 iracundia,
739 3850 892 3922 suspicione
908 3856 936 3904 et
952 3849 1032 3904 minis
1049 3857 1161 3904 mortem
1179 3848 1355 3902 invenerunt!
1462 3847 1515 3901 lius
1529 3848 1575 3917 eit,
1591 3849 1741 3915 Augustum
1748 3866 1815 3919 prae
1827 3851 1980 3906 vehementi
1996 3853 2039 3907 ira
2056 3855 2090 3911 Q.
2104 3854 2304 3912 Galliomanus
2316 3859 2429 3916 illisione

511 3934 560 4002 32)
577 3936 656 4005 Apud
667 3936 824 3991 Suetonium
841 3954 876 3991 ex
887 3936 963 3992 Libr.
976 3937 1072 3991 Mastia
1090 3942 1117 3989 et
1130 3934 1214 3989 Editt.
1234 3935 1265 3997 Q.
1276 3935 1413 4001 Galtncm,
1462 3934 1555 4003 potius
1572 3934 1734 4003 excussisse,
1752 3952 1830 4004 quam
1847 3936 1922 3990 terro
1940 3937 2030 3992 alioue
2041 3938 2219 3995 instrumento
2229 3943 2347 4014 eruisse,
2363 3946 2429 4015 quod

441 4035 497 4074 non
515 4022 627 4074 Gallam
643 4023 787 4087 legendnm
810 4038 871 4075 esse
892 4027 967 4075 reete
986 4022 1044 4087 jaun
1061 4019 1202 4074 admonuit
1219 4019 1413 4085 Casanbonus;
1462 4018 1599 4085 significat
1623 4020 1704 4073 lectio
1723 4020 1844 4087 dorsis.
1877 4022 1949 4090 Apte
1966 4023 2103 4077 confertur
2119 4024 2232 4081 Sueten.
2259 4029 2326 4086 Tib.
2350 4048 2374 4087 c.
2389 4032 2427 4087 bi.

444 4104 494 4156 sed
511 4120 556 4173 ap.
575 4105 662 4160 Cicer.
681 4097 1118 4173 Verr.Libr.lll.c.tib.§.152.
1136 4103 1278 4160 exCodd.
1297 4105 1328 4158 0.
1342 4105 1412 4157 aar-
1462 4104 1519 4157 Sed
1538 4105 1649 4157 oculum
1672 4121 1695 4161 s.
1719 4108 1818 4159 ocutm
1842 4105 1964 4177 effodere
1986 4105 2109 4163 illisione
2130 4126 2259 4167 manum
2280 4116 2371 4184 magis
2390 4123 2427 4173 sst

443 4188 501 4240 tnnc
517 4190 656 4243 revocarit
673 4191 812 4259 Zumptius
830 4209 858 4260 p.
873 4192 934 4265 573.
953 4190 988 4243 ci.
1014 4191 1166 4257 Glandorp.
1184 4190 1281 4242 onom.
1306 4205 1333 4256 p.
1351 4181 1411 4245 573.
1461 4188 1618 4257 praecipitis
1634 4189 1709 4257 irae,
1726 4207 1804 4259 qnam
1821 4192 1968 4245 meditatae
1986 4193 2131 4263 saevitiae,
2149 4210 2220 4264 quae
2234 4197 2266 4251 in
2282 4200 2426 4268 Augustum

443 4270 483 4323 bt.
494 4272 600 4324 Gallius
619 4275 653 4331 Q.
670 4274 705 4328 F.
722 4279 888 4328 memoratur
903 4274 933 4327 in
950 4273 1009 4326 Cic.
1027 4274 1062 4326 ad
1073 4278 1130 4328 net.
1148 4273 1227 4326 Libr.
1238 4274 1286 4328 xl.
1304 4273 1357 4341 Ep.
1366 4272 1411 4327 20.
1462 4273 1608 4327 Consulem
1625 4275 1744 4327 nondum
1761 4276 1844 4329 cadit.
1866 4278 2027 4346 heresim,
2044 4284 2075 4334 nt
2089 4281 2159 4334 bene
2176 4282 2342 4357 Paldsmus,
2360 4287 2425 4344 aesi-

444 4353 474 4423 5.
490 4356 533 4421 2.,
557 4357 603 4424 qui
619 4374 682 4411 num
699 4358 771 4412 idem
793 4358 843 4419 sit,
876 4357 954 4423 cujus
976 4357 1078 4412 mentio
1095 4357 1357 4413 accedentius.
1375 4358 1411 4412 X.
1462 4357 1504 4412 dit
1519 4358 1549 4412 iu
1565 4358 1651 4427 primo
1668 4359 1787 4427 Augusti
1805 4362 1964 4418 Consulatu.

444 4454 489 4509 sp.
506 4441 550 4495 15.
573 4442 599 4512 §.
617 4442 644 4496 4.
668 4443 789 4512 quamvis
806 4459 850 4499 res
868 4450 896 4497 et
911 4449 1033 4511 tempora
1050 4442 1226 4511 maresiam,
1250 4457 1307 4494 nou
1325 4441 1411 4495 ausim
1529 4442 1579 4511 33)
1599 4446 1706 4498 Nomen
1730 4444 1925 4513 „Torantus“
1947 4447 2025 4502 sarie
2048 4457 2187 4506 meretum
2204 4451 2352 4515 invenitur.
2384 4458 2424 4514 Cli

444 4526 592 4579 affirmare·
609 4529 740 4583 Fortasse
757 4530 781 4583 is
799 4526 885 4584 irater
901 4534 960 4582 erat
978 4529 1010 4592 Q.
1028 4530 1129 4596 (inliti,
1145 4545 1223 4597 quem
1240 4528 1412 4581 Praetorium
1462 4545 1507 4599 ap.
1524 4530 1661 4582 Romanos
1680 4532 1804 4599 Furius,
1823 4533 1945 4599 Torius,
1964 4535 2091 4587 Ταινίαι
2108 4542 2137 4590 et
2155 4538 2279 4593 remens
2299 4543 2424 4599 mnibon-

445 4627 463 4664 a
478 4613 517 4666 M.
536 4609 644 4666 Calidio
666 4615 781 4668 ambitos
799 4617 876 4668 renin
899 4616 1061 4684 postulatum
1080 4613 1177 4667 Cicero
1196 4617 1258 4665 ante
1276 4613 1412 4668 Consola-
1461 4620 1508 4668 tur
1517 4613 1606 4683 iisque
1616 4614 1740 4668 diuersae
1752 4624 1847 4682 gentes
1857 4622 1886 4670 et
1893 4617 2013 4672 familiae
2022 4618 2237 4688 distinguuntur:
2255 4625 2424 4686 sidsscbnai·

444 4700 502 4749 tum
520 4711 544 4751 a.
555 4693 589 4749 U·
599 4698 696 4756 caeo.
714 4700 869 4754 defendisse
886 4699 995 4753 dicitur:
1012 4697 1069 4755 rid.
1083 4697 1174 4765 Pighii
1185 4699 1281 4751 Arnai.
1295 4700 1413 4755 Vollll.
1461 4699 1555 4752 derum
1572 4699 1608 4751 ad
1625 4699 1739 4754 Varron.
1757 4700 1784 4755 d.
1800 4702 1836 4760 R.
1851 4701 1885 4756 R.
1903 4702 1979 4758 Libr.
1996 4704 2033 4759 11.
2049 4721 2073 4759 c.
2091 4706 2116 4759 1.
2132 4708 2193 4761 Voh
2209 4709 2243 4763 ll.
2260 4728 2288 4780 p.
2304 4713 2376 4777 306,
2391 4715 2423 4770 ita

442 4795 472 4849 p.
485 4781 547 4835 ate.
566 4782 705 4837 Orationis
721 4784 801 4853 hujus
819 4786 983 4852 Fragmenta
1000 4783 1114 4836 collecta
1131 4782 1207 4835 dedit
1222 4784 1349 4837 Nobbius
1367 4801 1411 4853 ap.
1462 4784 1561 4852 ubique
1578 4783 1660 4837 etiam
1680 4787 1862 4855 Turannius,
1887 4790 2066 4855 derrantes,
2083 4785 2257 4846 'Turannius
2274 4802 2303 4849 et
2321 4801 2423 4855 nors-

444 4867 577 4921 Orellinm
595 4870 655 4924 Vol.
673 4870 718 4925 lv.
735 4871 767 4923 Ρ.
784 4870 811 4924 2.
828 4888 857 4938 p.
874 4869 933 4925 454.
957 4884 984 4923 ι.
1002 4869 1092 4922 Cicer.
1108 4867 1185 4921 Brut.
1202 4883 1226 4921 c.
1244 4868 1286 4924 80.
1304 4868 1332 4937 §.
1350 4871 1411 4926 277.
1461 4871 1528 4922 ntae
1545 4868 1665 4923 remant:
1688 4868 1760 4933 ria,
1778 4877 1887 4939 praeter
1898 4872 2027 4928 Garaton.
2045 4876 2081 4928 ad
2098 4874 2188 4932 Cicer.
2204 4878 2335 4941 Phihlll.
2353 4884 2423 4941 cli.

436 4944 567 5014 'Quintus
589 4958 617 5006 et
637 4955 759 5005 Marwa
776 4954 882 5023 Gellii,
903 4969 971 5022 quoe
989 4952 1135 5007 Suetonius
1152 4952 1334 5021 etdppienns
1352 4971 1412 5008 me·
1463 4955 1542 5008 Tam.
1565 4955 1598 5007 ll.
1627 4971 1654 5021 p.
1671 4953 1714 5007 46.
1739 4953 1826 5023 wat,
1852 4958 1987 5012 Hardnini
2009 4960 2095 5014 ludex
2115 4961 2199 5022 Plinii
2221 4969 2252 5017 et
2275 4967 2312 5020 ad
2337 4969 2373 5025 N.
2393 4971 2424 5025 Η.

444 5040 565 5105 morant,
593 5036 730 5107 probabili
754 5037 905 5104 conjectura
929 5043 1060 5108 putantur
1082 5053 1143 5090 esse
1171 5036 1229 5103 ejus
1252 5037 1314 5106 lilii,
1341 5055 1412 5107 quos
1460 5038 1536 5092 Libr.
1553 5038 1599 5093 ΙΙΙ.
1623 5054 1648 5095 e.
1666 5040 1691 5093 1.
1715 5041 1882 5093 Turannius
1904 5047 2059 5098 constantes
2081 5051 2123 5099 est
2140 5043 2425 5119 Glatrdorpio‘orron.

331 5191 333 5195 .
441 5120 554 5176 Caelios
570 5122 600 5175 in
616 5122 740 5191 Epistola
757 5124 791 5176 ad
809 5123 966 5177 Ciceronem
983 5123 1060 5177 Libr.
1076 5122 1144 5178 Vlll.
1163 5138 1206 5190 cp.
1224 5123 1250 5176 4.
1271 5124 1299 5194 §-
1318 5126 1344 5183 1.
1369 5124 1412 5178 in·
1461 5121 1602 5193 pdldsq.
1621 5123 1720 5177 Graeci
1737 5123 1806 5178 haec
1821 5126 1931 5181 nomina
1948 5144 2007 5183 enm
2025 5130 2210 5205 adspiratione
2226 5134 2374 5210 dederont3
2389 5141 2425 5196 sie

370 5239 377 5252 ·
442 5212 522 5261 nnat:
539 5208 598 5276 ‚,M.
615 5207 751 5263 Calidium
769 5208 803 5261 ab
822 5211 930 5276 repulsa
947 5210 1108 5277 postulatum
1126 5222 1143 5258 a
1160 5206 1258 5260 Galliis
1277 5208 1410 5272 dnobus.“
1461 5224 1517 5262 son
1539 5213 1641 5261 tantum
1662 5202 1762 5275 Θόριος
1783 5227 1829 5279 ap.
1851 5212 1968 5281 Appian-
1984 5215 2017 5271 B.
2035 5215 2069 5271 C.
2091 5215 2166 5273 Libr.
2185 5218 2205 5270 l.
2228 5234 2254 5277 c.
2270 5221 2316 5278 27.
2337 5224 2425 5295 ibique

441 5290 612 5347 Praenomen
628 5294 708 5349 docet
726 5295 860 5358 Qutntm
876 5292 962 5347 inisse
979 5297 1043 5346 natu
1062 5292 1190 5358 majorem
1206 5292 1301 5346 filium.
1326 5295 1408 5349 Uter·
1458 5292 1613 5359 Schweigh.
1635 5298 1676 5346 et·
1689 5291 1825 5362 Θοριὶνιος
1845 5312 1890 5366 ap.
1914 5297 2031 5352 Dionem
2052 5300 2128 5356 Libr.
2150 5301 2225 5375 Llll.
2249 5320 2274 5361 c.
2295 5309 2354 5376 ης
2379 5311 2425 5364 „a

443 5390 495 5445 que
511 5377 601 5432 tumet
615 5380 814 5451 Caesarianus,
829 5381 950 5432 Marcus
961 5393 1027 5432 vero
1039 5374 1157 5429 Antonio
1170 5376 1294 5431 adhaesit
1304 5378 1409 5449 luitque
1458 5380 1540 5434 etiam
1557 5377 1717 5433 Plutarchus
1725 5381 1828 5435 Sertar·
1850 5398 1873 5435 c.
1891 5382 1933 5436 12.
1957 5384 2078 5450 legatum
2093 5385 2199 5440 Metelli
2214 5390 2340 5447 nominat
2362 5375 2439 5450 sat?

442 5459 472 5513 ia
488 5460 547 5527 atus
565 5465 668 5520 cashis.
693 5466 810 5535 Propter
826 5464 895 5518 hanc
912 5462 1065 5517 societatem
1081 5462 1274 5531 perstringitur
1290 5465 1408 5522 aCieer.
1458 5465 1551 5534 bitqoe
1574 5460 1731 5535 θωρᾰνιον,
1760 5481 1838 5535 quern
1860 5466 1992 5522 Thorium
2014 5476 2094 5524 rocat
2115 5470 2216 5526 Florus
2239 5474 2317 5532 Libr.
2334 5480 2380 5534 111.
2400 5495 2423 5534 e.

441 5543 514 5601 Pbil.
530 5547 602 5604 lllll.
619 5565 643 5603 c.
660 5550 716 5603 12:
733 5549 882 5619 „praetorii
898 5547 1094 5615 Philadelphus
1110 5548 1216 5602 Annius
1233 5556 1261 5602 et
1277 5551 1407 5605 innocens
1457 5554 1503 5619 22,
1520 5551 1545 5606 7.
1569 5550 1662 5620 ibique
1679 5552 1781 5607 Duker.
1816 5553 1889 5606 Vera
1911 5552 2045 5623 scripture
2067 5553 2213 5612 difficulter
2236 5559 2273 5613 sd
2297 5561 2423 5633 liquid&

326 5689 331 5705 .
441 5628 569 5687 arbim·
599 5635 646 5689 set
660 5638 693 5687 at
709 5634 800 5691 Ursini
816 5634 914 5688 Codex
929 5630 1027 5701 habat,
1050 5633 1088 5688 hl.
1105 5632 1220 5700 Gallina
1258 5635 1318 5693 Quo
1336 5651 1407 5692 anno
1457 5633 1571 5708 perduci
1588 5635 1696 5705 poterit.
1729 5635 2040 5697 arcabicensis
