5717 6575
362 573 370 583 ’
437 599 563 682 τιτιγ
954 660 957 665 ,
1024 518 1026 523 ,
1145 577 1185 651 v.
1205 574 1270 677 rep
1285 576 1503 673 erasmus
1523 576 1725 678 aususm
1854 534 1856 539 ’

439 809 527 862 τινα
540 748 691 876 ἡσυχῆ,-
713 771 757 849 τὸ
782 765 856 870 μέν
880 765 1037 866 σύμπαν
1063 765 1124 843 ἐπί
1146 796 1188 843 τε
1212 774 1259 866 τῇ
1287 765 1505 867 δυναστείᾳ,
1532 767 1599 844 καὶ
1623 767 1721 846 κατὰ
1747 773 1828 846 τῶν
1844 768 1999 872 ἐχθρῶν
2015 772 2263 874 oremusque.
2297 776 2433 879 Quodsi

358 881 365 890 ’
437 903 543 981 bodie
567 901 663 975 nulla
687 897 725 969 in
749 890 901 968 Lavinio
926 888 1104 964 invenitur
1125 891 1241 964 insula
1275 889 1326 963 illi
1352 889 1635 991 aequiparande,
1666 890 1704 964 id
1729 891 1863 970 nemini
1887 894 2018 969 mirum
2044 897 2128 996 erit,
2155 900 2213 998 qni
2237 900 2435 1000 perpende-

438 1026 504 1120 rit,
531 1044 639 1124 quam
668 1016 788 1091 multis
815 1013 992 1112 variisque
1016 1010 1269 1085 mutationibus
1291 1036 1357 1109 per
1381 1014 1581 1087 seculorrun
1607 1011 1793 1088 decursum
1818 1012 2000 1113 subjectus
2024 1017 2070 1090 sit
2091 1015 2279 1094 fluviorum
2305 1023 2436 1120 alveus,

437 1145 478 1223 in
498 1146 559 1219 illa
579 1136 787 1242 praesertim
812 1133 968 1235 regione,
998 1138 1037 1206 ut
1060 1132 1288 1204 Drumannus
1314 1131 1408 1206 llist.
1433 1131 1540 1206 Rom.
1565 1131 1645 1208 Vol.
1666 1132 1698 1207 Ι.
1723 1160 1759 1233 p.
1783 1137 1871 1212 360.
1896 1133 1944 1211 Ν.
1969 1139 2007 1211 8.
2034 1134 2166 1216 docuit.

591 1260 687 1336 Nihil
710 1256 821 1358 igitur
846 1262 900 1328 est
926 1250 1024 1352 quod
1048 1251 1202 1353 Appiani
1234 1252 1274 1324 in
1299 1250 1355 1326 his
1388 1249 1497 1327 fidem
1528 1253 1844 1346 levioremtaeiac
1889 1279 1996 1328 nemo
2031 1264 2193 1333 veterum
2228 1259 2436 1361 scriptorum

374 1460 379 1467 ,
438 1386 548 1462 aliurn
572 1379 721 1457 fluvium
744 1375 887 1449 nomine
911 1374 1031 1467 affert,
1057 1397 1128 1471 quo
1153 1371 1214 1445 ille
1239 1372 1370 1446 erroris
1396 1372 1579 1448 manifesti
1603 1374 1851 1466 convincatur;
1884 1372 1957 1448 imo
1982 1375 2111 1452 Dionis
2133 1377 2262 1474 verba,
2289 1379 2436 1458 Trium·

407 1526 409 1531 ’
436 1505 535 1581 viros
559 1499 766 1576 convenisse
800 1492 842 1568 ἐν
866 1489 1026 1592 νησιὸίῳ
1051 1483 1223 1566 ruricoli
1250 1497 1425 1589 ποταμοῦ
1451 1498 1521 1567 τοῦ
1548 1489 1652 1592 παρὰ
1664 1488 1869 1569 Βονωνίαν
1888 1492 2165 1592 παραρῤἔοντος
2190 1495 2236 1570 ad
2250 1497 2437 1588 Lavinium

437 1624 585 1701 fluvium
617 1643 727 1720 aeque
760 1622 868 1715 atqua
901 1611 948 1686 ed
980 1613 1145 1688 Rhenum
1178 1611 1304 1685 reterri
1339 1619 1502 1712 possunt.
1551 1611 1650 1688 Num
1681 1611 1776 1687 forto
1806 1619 1997 1713 putamus,
2027 1615 2237 1716 Appianum
2271 1622 2437 1697 memoria

437 1748 578 1846 lapsum
602 1740 691 1814 baec
713 1727 925 1836 scripsisse?
960 1727 1056 1827 emt
1080 1729 1220 1805 tandem
1243 1730 1278 1804 ei
1302 1730 1340 1804 in
1366 1736 1523 1806 mentem
1549 1734 1645 1808 venit
1667 1732 1852 1828 Lavinius,
1877 1731 2010 1809 flavius
2035 1742 2109 1811 tarn
2133 1761 2269 1836 pervus
2296 1745 2437 1840 tamque

312 1869 317 1894 ¹
438 1855 630 1967 ignobilis?
666 1858 741 1934 cur
765 1859 934 1954 maJorem
959 1854 1059 1926 illum
1083 1860 1119 1927 et
1144 1850 1346 1940 clariorem,
1375 1852 1560 1948 Rhenum,
1582 1853 1845 1927 Bononiensem
1872 1878 2030 1950 emnem,
2052 1851 2316 1955 praetermisit?
2351 1859 2436 1934 Utnt

339 1964 343 1972 ⁵
438 1991 514 2079 est,
548 1983 585 2055 in
610 1972 782 2054 confessis
810 1963 968 2048 omnium
994 1969 1195 2046 babendum
1219 1971 1304 2066 erit,
1346 1995 1436 2045 eum·
1453 1972 1499 2045 ob
1524 1974 1646 2047 oculos
1672 1971 1835 2048 babuisse
1860 1973 2086 2073 scriptorem,
2121 2001 2191 2075 quo
2223 1978 2311 2053 satis
2343 1987 2435 2054 certo

423 2113 582 2179 ‘auctore
608 2107 703 2174 stare
729 2102 864 2196 posset.
916 2092 1034 2192 Atque
1065 2093 1159 2166 bunc
1188 2098 1367 2166 auctorem
1396 2094 1560 2193 suspicor
1589 2093 1703 2168 fuisse
1730 2091 1948 2194 Augustum.
2001 2092 2039 2170 Is
2064 2096 2102 2169 in
2127 2093 2248 2170 Libris
2282 2092 2329 2171 de
2355 2096 2435 2174 vio

437 2246 504 2299 soa
526 2246 599 2296 non
623 2222 786 2318 potuerat
808 2205 879 2289 non
905 2237 1056 2306 amnem,
1079 2212 1117 2285 in
1138 2235 1240 2311 quem
1263 2221 1509 2309 convenerant,
1535 2212 1740 2286 nominatim
1756 2213 1897 2308 afferre,
1924 2237 2074 2314 euinque
2099 2212 2247 2289 fluvium
2267 2212 2435 2319 designa.

436 2349 539 2418 verat
563 2340 722 2414 Mutinae
754 2358 861 2436 qnam
885 2332 1066 2406 Bononiae
1094 2330 1393 2431 propinquiorem.
1445 2332 1543 2406 llaec
1576 2332 1840 2434 qualiscumque
1873 2331 1918 2407 de
1948 2341 2091 2411 auctore
2124 2339 2325 2434 conjectura
2360 2365 2435 2414 mo·

436 2462 544 2538 menti
568 2457 655 2560 quid
681 2454 828 2563 occipit,
861 2452 943 2553 quia
965 2452 1153 2550 Appianas
1180 2451 1235 2524 bic
1261 2452 1329 2524 alia
1355 2448 1528 2552 quaedam
1554 2475 1666 2552 eaque
1689 2452 1880 2554 singularia
1902 2450 2030 2548 babet,
2062 2479 2152 2556 quae
2187 2452 2335 2529 aliunde
2369 2483 2434 2534 non

436 2582 539 2657 facile
566 2601 739 2679 cognosse
766 2578 915 2674 poteret.
966 2572 1169 2671 Augustus,
1193 2595 1283 2670 quae
1309 2578 1388 2644 erat
1412 2575 1490 2671 ejus
1515 2572 1648 2646 vanitas
1673 2579 1707 2645 et
1733 2571 1877 2645 bonoris
1904 2569 2097 2672 cupiditas,
2123 2573 2379 2673 proculdubio
2401 2578 2433 2653 in

436 2703 503 2776 illis
525 2698 646 2773 Libris
671 2695 852 2785 retulerat,
880 2688 949 2763 sibi
975 2687 1164 2775 admodum
1181 2691 1307 2790 juveni
1327 2689 1486 2764 medium
1513 2716 1719 2767 conoessum
1744 2692 1856 2765 luisse
1879 2690 1917 2763 in
1941 2692 2002 2765 illo
2028 2718 2198 2767 consessu
2223 2697 2345 2768 locum
2372 2693 2433 2771 διὰ

436 2817 508 2915 τὴν
533 2812 656 2916 ἀρχήν
676 2815 701 2888 i.
725 2839 758 2889 e.
785 2812 1026 2887 Consulatum.
1077 2810 1191 2883 Porro
1218 2809 1425 2912 Augustus,
1458 2819 1567 2911 puto,
1599 2809 1733 2885 ibidem
1758 2819 1981 2906 narraverat,
2016 2837 2055 2886 se
2081 2837 2164 2913 cum
2196 2815 2341 2916 collegis
2372 2840 2434 2915 per

435 2938 583 3014 biduum
608 2934 842 3022 consultasse3
867 2929 1078 3003 Plutarchus
1104 2935 1175 3004 tres
1200 2928 1276 3004 dies
1302 2939 1486 3024 memorat,
1513 2957 1666 3031 quorum
1694 2955 1858 3005 caussam
1885 2931 2119 3005 strationem
2142 2931 2294 3008 reddere
2320 2934 2432 3010 studet

295 3116 296 3119 ,
435 3058 666 3134 Drumannus
700 3052 794 3140 Hist.
820 3049 924 3125 Rom.
951 3047 1031 3124 Vol.
1058 3049 1088 3123 l.
1121 3075 1157 3149 p.
1182 3053 1268 3126 361.
1303 3048 1349 3125 Ν.
1379 3056 1440 3129 12.
1458 3047 1508 3147 ⁴⁰)
1559 3051 1753 3150 Appianus
1787 3049 1936 3123 biduum
1969 3075 2074 3124 suum
2109 3059 2296 3151 acceptum
2328 3053 2432 3130 retas

435 3173 595 3277 Augusti
608 3170 893 3262 Commentariis,
918 3194 1070 3267 quorum
1094 3167 1202 3241 fidem
1222 3170 1348 3244 ceteris
1372 3167 1643 3269 praeferendam
1667 3169 1782 3246 duxit.
1814 3169 1976 3270 Denique
2001 3175 2094 3244 totus
2119 3170 2165 3245 ab
2186 3170 2321 3246 eisdem
2347 3199 2432 3273 pen·

436 3293 497 3369 det
519 3296 559 3367 in
580 3291 801 3393 expositione
824 3314 966 3385 eorum,
1003 3314 1094 3389 quae
1119 3288 1312 3363 Triumviri
1338 3285 1386 3363 ad
1410 3291 1690 3365 constituendam
1713 3316 1843 3366 novam
1873 3290 1965 3364 banc
1990 3297 2200 3389 potestatem
2235 3289 2431 3372 decrevisse

434 3420 635 3495 narrantur.
648 3411 699 3507 41)

587 3530 862 3623 Triumviratus,
887 3528 922 3602 in
930 3525 1186 3628 parvaLavinii
1204 3526 1303 3603 fluvii
1317 3527 1619 3603 insuloMutinam
1642 3530 1735 3603 inter
1746 3538 1780 3603 et
1789 3529 1988 3604 Bononiam
2003 3529 2123 3627 initus,
2148 3529 2429 3609 fuitioedissimr

353 3705 362 3714 -
435 3650 578 3754 imerii
593 3652 755 3750 vitaeque
765 3648 918 3749 Augusti
934 3671 1032 3746 pars,
1058 3650 1160 3745 cujus
1175 3648 1324 3746 posthac
1342 3648 1461 3749 ipsum
1485 3649 1709 3723 vehomenter
1730 3649 1955 3749 poenituerit.
1980 3648 2039 3724 Ad
2063 3675 2170 3750 quarn
2196 3651 2429 3728 excusandam

433 3769 719 3871 multaquidem
746 3767 912 3869 imputari
941 3773 1103 3866 poterant
1128 3763 1272 3867 juvenili
1304 3771 1382 3866 ejus
1411 3766 1529 3842 animo
1557 3768 1716 3842 imitabili
1742 3777 1777 3842 et
1808 3770 1945 3844 irarum
1967 3770 2082 3844 aestui
2109 3770 2341 3847 multifariam
2369 3799 2428 3849 ex·

433 3898 597 3995 asperato
622 3888 903 3963 adversariorum
927 3885 1017 3960 dolis
1038 3895 1075 3959 et
1092 3883 1241 3963 insidiis.
1275 3886 1392 3960 Etiam
1407 3888 1561 3986 plurima
1577 3884 1734 3962 adscribi
1746 3897 1909 3988 poterant
1921 3887 2092 3963 laudabili
2109 3914 2156 3963 ex
2172 3896 2337 3967 veterum
2351 3892 2427 3975 reb‘·

418 4013 539 4117 ‘glone
569 4009 695 4110 pietati
719 4016 754 4082 et
779 4006 895 4081 studio
922 4005 1114 4080 ulciscendi
1137 4005 1280 4080 caedem
1303 4006 1442 4101 Putris,
1476 4012 1577 4108 euJ‘us
1603 4007 1769 4082 Manibus
1794 4009 1859 4082 bas
1885 4010 1980 4082 velut
2001 4007 2149 4083 inferias
2165 4009 2304 4085 'offerre
2331 4002 2425 4087 suun

433 4155 514 4207 esse
534 4127 693 4229 putabat.
725 4124 800 4202 Sed
823 4127 899 4200 veri
924 4126 1032 4199 etiam
1057 4132 1111 4199 est
1136 4126 1365 4221 simillimum,
1392 4149 1474 4199 cum
1498 4127 1535 4201 in
1559 4130 1639 4209 τοῖς
1662 4122 1922 4224 ὑπομνήμασι,
1949 4152 2040 4229 quae
2063 4128 2146 4227 ipse
2170 4130 2270 4204 solus
2286 4130 2425 4206 Trim-

434 4248 591 4332 virorum
615 4251 797 4346 superstes
820 4252 855 4318 et
880 4269 1007 4343 sospes
1033 4243 1125 4317 bano
1147 4232 1356 4345 potestatem
1382 4269 1555 4345 suamque
1584 4244 1711 4348 agendi
1737 4246 1908 4322 rationem
1933 4246 2142 4323 defensurus
2162 4257 2424 4349 composuerat,

314 4423 324 4444 -.
434 4368 626 4444 mitorum
649 4364 802 4464 turpiter
825 4363 998 4437 sactorum
1020 4362 1138 4460 tontes
1163 4372 1197 4440 et
1218 4365 1441 4439 atrocitatum
1467 4363 1562 4438 haud
1587 4388 1782 4465 paucarum
1804 4391 1948 4442 caussas
1970 4392 2016 4442 ex
2040 4368 2250 4469 collegarum
2267 4371 2423 4445 sotietate

435 4509 478 4564 ao
503 4489 681 4589 voluntate
707 4482 921 4584 repetivisse
946 4509 1139 4583 eammque
1161 4485 1388 4585 praecipuam
1414 4486 1553 4585 culpam
1579 4484 1623 4558 ad
1648 4510 1711 4559 eos
1737 4487 1968 4563 transtulisse.
2012 4485 2136 4589 Neque
2159 4485 2317 4565 fortasse
2337 4491 2422 4590 inju-

434 4608 506 4684 rial
531 4604 672 4682 Nemini
697 4605 792 4678 enim
817 4603 1005 4703 pensitanti
1031 4602 1257 4706 collegarum
1282 4613 1445 4699 aetatem,
1466 4604 1600 4705 ingenii
1624 4604 1803 4704 animique
1825 4606 1918 4680 vires
1942 4614 1979 4682 et
2003 4607 2095 4681 vitae
2116 4606 2281 4707 publicae
2306 4634 2421 4685 umes·

327 4763 356 4828 .*'
418 4724 557 4806 ,sitates
582 4724 730 4799 dubium
755 4723 833 4816 erit,
859 4723 942 4821 quin
960 4723 1245 4799 Triumvirorum
1270 4726 1436 4825 princeps
1461 4725 1496 4797 et
1521 4732 1630 4823 eaput
1654 4724 1762 4798 fuerit
1787 4724 1837 4799 M.
1856 4725 2046 4822 Antonius,
2071 4729 2169 4827 utqui
2193 4727 2291 4803 vitae
2316 4729 2420 4821 annis,
2470 4715 2474 4726 ¹

329 4880 342 4890 ·
434 4845 591 4946 corporis
618 4841 790 4943 animique
817 4840 958 4917 dotibus
984 4866 1176 4943 rermnque
1200 4870 1270 4919 usu
1288 4851 1332 4944 'et
1357 4844 1576 4943 experientia
1599 4845 1692 4918 inter
1716 4868 1779 4919 cos
1805 4845 1992 4919 eminuerit
2015 4854 2052 4919 et
2071 4846 2222 4946 justiore
2236 4844 2419 4924 ulciscenffi

432 4964 592 5040 inimicos
619 4961 808 5062 eupiditate
834 4960 959 5036 ardere
985 4964 1086 5036 visus
1113 4964 1172 5058 sit,
1200 4986 1308 5064 quam
1333 4962 1386 5038 M.
1400 4960 1576 5064 Lepidus,
1601 4963 1706 5037 bomo
1731 4964 1825 5038 iners
1852 4964 2035 5066 omnisque
2059 4990 2189 5067 expers
2207 4967 2364 5044 virtrrtis.
2372 4965 2418 5061 42)

500 5266 550 5338 40)
564 5265 627 5322 Nisi
644 5263 715 5321 torte
731 5269 853 5337 praestat
868 5270 998 5335 statuere,
1016 5266 1318 5336 Plotambumymyrtieo
1332 5284 1400 5338 qoo-
1521 5266 1570 5336 41)
1587 5266 1729 5338 Appiennr
1741 5267 1954 5323 Triumviratum
1971 5268 2099 5338 designet
2114 5271 2147 5329 B.
2167 5269 2199 5327 C.
2216 5271 2294 5331 Libr.
2304 5273 2350 5328 1v.
2366 5270 2417 5327 ab·

433 5354 495 5409 dam
513 5353 668 5421 significatu
686 5352 809 5421 posuisse
827 5366 967 5405 numerum
983 5350 1141 5409 temarium.
1177 5354 1247 5407 Tres
1264 5352 1317 5405 viri
1337 5369 1403 5406 coo·
1452 5350 1554 5420 καινὴν
1573 5348 1662 5421 ἀρχὴν
1685 5354 1713 5411 le
1735 5347 1888 5423 διόρθωσιν
1909 5355 1966 5406 τῶν
1989 5351 2151 5430 ippolitus,
2179 5361 2207 5412 et
2229 5359 2298 5423 el.
2323 5351 2417 5421 καινὴν

401 5458 411 5468 ·
433 5437 535 5491 mltaot
551 5443 606 5491 tres
620 5453 673 5507 per
684 5437 758 5491 dies!
781 5436 983 5491 NumeroDeos
1001 5438 1105 5506 impare
1123 5439 1236 5503 gaudet:
1253 5437 1311 5492 rid.
1323 5453 1404 5506 prae·
1452 5432 1542 5516 ἀρχῄν
1559 5436 1605 5491 aa
1624 5435 1788 5493 καταστάσει
1805 5439 1862 5490 τῶν
1879 5434 2036 5507 παρόντων.

434 5521 767 5577 extremuerunt
785 5519 881 5585 virgil.
901 5520 1047 5588 liclvlll,
1065 5522 1108 5578 73.
1130 5522 1235 5590 pm.
1279 5522 1403 5591 Bittiger
1436 5578 1440 5586 ,
1521 5522 1569 5591 m)
1590 5523 1714 5579 Breviter
1734 5541 1784 5580 uec
1806 5525 1878 5577 male
1902 5526 1937 5578 de
1959 5524 2123 5582 Triumviris
2145 5524 2249 5582 Florus
2277 5522 2357 5584 Lib'r.
2376 5525 2417 5581 ll.

288 5629 296 5636 ·
431 5607 461 5664 lu
476 5607 539 5663 libr.
557 5604 830 5704 Konst-Mytbologie
845 5605 878 5662 11.
894 5604 1000 5675 pdtib.
1454 5608 1512 5666 ab.
1531 5608 1611 5677 §.2st
1629 5604 1763 5679 „Divom
1780 5610 1899 5666 omnium
1915 5615 1989 5668 rota.
2022 5609 2145 5679 Incendit
2160 5612 2294 5682 Lepidum
2312 5611 2418 5670 divida-
