5717 6575
403 636 523 721 noc
913 553 921 645 ‘¹
1030 596 1032 603 ’
1104 621 1191 695 -u
1212 620 1271 694 nn
1293 619 1508 692 erasmus
1529 619 1729 691 cneusm
1817 681 1819 685 ⁴
2213 722 2216 731 Ι

316 836 338 893 .’
447 819 594 923 exponit
615 818 846 895 Drumannus
870 809 965 889 Ilist.
991 809 1097 889 Iiom.
1119 810 1201 890 Vol.
1216 811 1248 889 1.
1270 837 1308 912 p.
1330 813 1404 888 125
1429 836 1506 913 sqq.
1530 811 1604 893 Ille,
1621 782 1723 886 stella
1743 810 1868 887 crinita
1892 835 1964 913 qno
1988 836 2112 890 mense
2133 821 2215 915 post
2235 811 2323 894 Iulii
2348 812 2441 889 Gae-

278 1016 280 1021 .
446 942 539 1021 sams
563 936 709 1016 eaodem
734 933 958 1037 apparuerit,
987 956 1093 1007 nemo
1117 938 1276 1007 veterum
1304 931 1493 1005 memoriae
1520 918 1650 1033 prodit.
1700 931 1865 1033 Plerique
1896 932 1981 1007 olim
2011 934 2250 1037 intelligebant
2280 955 2442 1011 mensem

444 1060 650 1144 hnuamum
672 1082 705 1134 a.
726 1056 774 1132 II.
793 1053 836 1131 0.
858 1058 968 1129 711.ε
993 1049 1059 1126 sed
1083 1077 1240 1127 mensem
1262 1050 1474 1150 Quinctilem
1499 1076 1533 1127 a.
1557 1052 1605 1128 ll.
1622 1049 1664 1128 G.
1685 1057 1774 1130 710.
1802 1052 1924 1164 luisse,
1939 1078 2020 1153 qno
2045 1055 2097 1129 illi
2117 1054 2443 1164 ludiginstitueren·

445 1190 521 1278 tur,
557 1205 608 1255 ex
627 1175 758 1277 Virgil.
780 1172 858 1252 Ecl.
879 1172 949 1249 IX.
974 1198 1010 1248 r.
1035 1175 1099 1248 48.
1132 1169 1252 1245 docuit
1281 1170 1316 1248 J.
1337 1171 1384 1245 Η.
1407 1169 1561 1247 Vossius
1585 1199 1624 1273 p.
1648 1177 1758 1268 482„
1798 1197 1949 1272 quactum
1978 1172 2062 1247 lacit
2091 1173 2275 1274 Spohuius
2297 1173 2439 1276 Proleg.

291 1270 320 1327 ’ἱ
445 1298 492 1377 ad
515 1299 642 1401 Virgil.
665 1295 790 1370 Bucol.
814 1317 853 1392 Ρ.
869 1294 932 1368 29.
956 1291 1036 1366 Wr.
1071 1289 1114 1364 In
1135 1289 1342 1365 memoriam
1359 1279 1465 1365 illius.
1482 1292 1555 1388 rei,
1591 1314 1664 1393 qua
1685 1292 1872 1393 Augustus
1897 1289 2041 1366 mirifice
2070 1293 2215 1393 gavisus
2242 1300 2319 1386 est,
2364 1298 2441 1368 sta·

444 1431 530 1498 uase
554 1419 627 1497 Iul.
651 1412 813 1490 Caesaris
835 1411 878 1485 in
900 1413 1033 1509 templo
1058 1408 1208 1484 Vneris
1233 1409 1324 1484 illud
1348 1408 1450 1485 sidus
1474 1419 1653 1512 tamquam
1676 1411 1818 1512 insigne
1842 1379 1993 1509 ab⁸ipso
2019 1409 2196 1511 adjectum
2221 1418 2291 1487 est.
2336 1409 2443 1488 Sidus

444 1540 578 1620 Iulium
603 1534 766 1611 Caesaris
791 1514 908 1630 capiti*
919 1530 1061 1605 solitum
1087 1528 1234 1631 appingi
1259 1530 1473 1630 conspicitur
1496 1532 1535 1607 in
1558 1530 1687 1606 Nurnis
1707 1556 1771 1631 pp.
1784 1529 1996 1605 Eckhclium
2010 1531 2058 1607 D.
2073 1531 2120 1607 N.
2138 1532 2219 1608 Vol.
2235 1531 2301 1606 VI.
2328 1557 2365 1631 Ρ.
2384 1537 2443 1609 11.

412 1686 418 1692 ·
445 1668 484 1737 ot
506 1660 754 1734 manum
777 1651 876 1742 uine
896 1648 1001 1726 Rom.
1026 1647 1108 1723 Vol.
1133 1648 1166 1724 Ι.
1191 1674 1230 1749 Ρ.
1257 1654 1344 1725 127.
1370 1650 1417 1726 N.
1442 1654 1507 1727 49.
1534 1657 1571 1724 et
1596 1652 1658 1727 50.
1699 1649 1819 1751 Atque
1843 1650 1921 1750 ipso
1946 1649 2152 1753 Augustus,
2185 1657 2281 1726 teste
2306 1649 2442 1745 servio,

443 1776 595 1854 traditur
625 1775 665 1848 in
697 1773 868 1847 bonorem
897 1769 1013 1869 patris
1029 1770 1183 1869 ..stellam
1214 1770 1253 1844 in
1283 1771 1387 1871 galea
1421 1769 1594 1871 depictam
1623 1769 1790 1857 habuisse
1805 1769 1861 1843 ‘in
1896 1796 2016 1872 pugna
2048 1771 2212 1866 Actiaca,
2255 1767 2304 1845 ad
2336 1795 2443 1871 mam

362 1895 367 1901 ’
393 1934 396 1941 ’
430 1897 602 1974 'refertur
624 1895 722 1967 locus
742 1889 883 1992 Virgilii
898 1888 992 1964 Aen.
1015 1886 1238 1966 Libe-vui
1264 1915 1298 1962 v.
1316 1893 1403 1968 660.
1429 1889 1584 1992 itemque
1597 1889 1773 1990 Propertii
1792 1888 1895 1968 libr.
1912 1889 1978 1966 IV.
2002 1888 2105 1992 Eleg.
2119 1893 2155 1968 6.
2182 1916 2217 1965 v.
2235 1892 2301 1967 59.
2325 1889 2442 1991 ibique

279 2098 284 2109 ,
380 2033 384 2049 ’
444 2011 692 2092 Brcukhusius
715 2036 755 2110 p.
774 2014 849 2086 375
876 2033 930 2109 sq.
1073 2114 1077 2127 Ι
2131 2038 2133 2043 ·

456 2318 460 2326 .
596 2212 707 2325 Iiher
727 2247 800 2323 Χ..
835 2245 974 2348 Digest.
998 2245 1078 2323 libr.
1102 2241 1275 2350 XLVIII.
1297 2246 1354 2320 fit.
1377 2249 1440 2334 24.
1465 2252 1522 2322 De
1545 2190 1783 2324 eadaumibus
1805 2255 2022 2344 punitorum
2046 2273 2086 2348 p.
2108 2197 2233 2325 1076.
2246 2246 2305 2322 ed.
2332 2245 2442 2324 Gen:
2467 2326 2470 2330 ,

443 2373 631 2473 „Corpora
661 2393 806 2462 eorum,
839 2366 900 2467 qui
934 2366 1051 2466 capite
1085 2361 1313 2460 damnantur,
1348 2366 1506 2467 cognatis
1531 2366 1690 2466 ipsorum
1713 2359 1882 2468 neganda.
1899 2392 1981 2456 non
1997 2373 2100 2444 sunt:
2133 2375 2170 2442 et
2192 2366 2231 2441 id
2254 2393 2295 2443 se
2319 2365 2442 2444 obscr-

445 2517 547 2569 vaasc
571 2491 678 2566 etiam
703 2488 818 2584 Divus
843 2485 1029 2587 Augustus
1054 2482 1147 2559 libro
1171 2482 1310 2560 decimo
1335 2481 1382 2559 dc
1409 2483 1492 2560 Vita
1515 2510 1580 2559 sua
1604 2485 1768 2563 scribit.“

596 2620 695 2751 Ilaec
717 2638 896 2774 excerpsit
918 2671 1093 2773 Ulpianus
1117 2669 1207 2747 libro
1231 2671 1300 2747 lx.
1327 2670 1373 2746 de
1389 2638 1525 2749 ¹Officio
1550 2671 1784 2748 Proconsulis.
1835 2674 1875 2749 Is
1900 2671 2038 2769 Tyrius
2062 2671 2336 2775 Syrophoenix,
2374 2646 2440 2750 suh

446 2795 622 2899 Septimio
649 2792 781 2870 Severo
807 2791 1013 2867 scriniorum
1037 2792 1225 2893 magister,
1259 2791 1430 2892 plurimos
1464 2790 1607 2892 scripsit
1630 2791 1761 2889 libros,
1805 2819 1894 2894 quos
1926 2793 2022 2867 inter
2054 2791 2136 2867 libri
2158 2793 2209 2869 X.
2242 2791 2289 2867 de
2316 2790 2440 2870 Officio

276 2858 278 2861 Ι
444 2915 670 2994 Proconsulis
694 2916 932 2987 memorantur
957 2936 981 2984 a
1003 2910 1136 2984 Baebio
1161 2910 1251 2986 Ilist.
1271 2909 1348 2987 Jur.
1373 2909 1553 2989 Libr.III.
1580 2937 1611 2988 c.
1626 2916 1664 2987 2.
1688 2921 1720 3002 §.
1739 2915 1801 2988 26.
1826 2939 1891 3014 sq.
1906 2907 1949 2987 cl.
1974 2911 2158 2987 Zimmem
2181 2912 2212 2988 I.
2240 2917 2277 2986 2.
2305 2913 2337 3007 0.
2356 2916 2440 2990 106.

444 3065 483 3138 p.
502 3040 576 3116 367
593 3058 672 3134 sqq.
709 3031 771 3106 Fr.
795 3027 1009 3103 Balduinum
1034 3027 1296 3126 observantem,
1321 3029 1387 3104 hos
1413 3030 1568 3132 Augusti
1592 3029 1703 3106 libros
1728 3029 1888 3121 studiose
1912 3032 2022 3107 lectos
2047 3030 2161 3107 fuisse
2189 3032 2235 3106 ab
2260 3031 2440 3108 Iuriscon-

275 3219 279 3225 .
445 3155 548 3232 sultis
573 3161 610 3229 et
632 3155 730 3254 leges
755 3147 840 3223 inde
865 3155 1040 3247 sumptas,
1075 3135 1205 3222 notavit
1229 3134 1578 3251 BergerusssRhetor.
1595 3151 1690 3253 Aug.
1707 3150 1813 3252 Sper.
1830 3150 1878 3226 II.
1895 3177 1931 3250 Ρ.
1941 3149 2007 3227 Vl.
2045 3148 2274 3230 crudelitatis
2301 3153 2440 3226 nomine

444 3277 536 3350 male
562 3267 732 3347 audiebat
746 3269 931 3369 Augustus
949 3266 1132 3342 Triumvir
1156 3274 1193 3341 et
1212 3271 1289 3369 jam
1312 3267 1387 3347 Iac.
1405 3267 1600 3346 Gutherius
1625 3269 1670 3345 de
1687 3269 1783 3349 'Iure
1797 3269 1959 3344 Manium
1978 3268 2079 3347 In'br.
2093 3266 2125 3345 I.
2141 3297 2173 3347 c.
2188 3276 2247 3347 ll.
2260 3275 2353 3373 Ρ.71
2365 3298 2439 3373 sqq.

420 3400 523 3499 ‘ejus
549 3391 593 3467 de
618 3416 658 3467 se
682 3388 880 3465 testimonio
905 3388 1069 3489 opponit,
1101 3395 1142 3462 ut
1166 3388 1318 3465 confecto
1343 3387 1437 3464 bello
1461 3389 1679 3498 Philippensi
1704 3392 1740 3466 in
1765 3389 2083 3491 splendidissimum
2110 3416 2296 3496 quemque
2315 3393 2439 3465 civium

443 3542 518 3593 non
542 3512 620 3589 sine
645 3508 835 3602 verboruun
859 3507 1069 3583 contumelia
1093 3509 1256 3583 saeviens
1280 3508 1343 3582 uni
1368 3511 1584 3610 sepulturam
1610 3509 1813 3612 suppliciter
1836 3510 1973 3610 petenti
1993 3508 2226 3611 responderit,
2246 3506 2327 3610 'jam
2339 3510 2440 3586 bun
2471 3542 2476 3550 ·

443 3637 484 3711 iu
513 3634 697 3728 volucrum
728 3627 810 3737 fore
839 3617 1070 3729 potestatem,
1107 3634 1247 3702 auctore
1271 3611 1419 3707 Sueten.
1446 3654 1478 3704 c.
1506 3631 1565 3705 13.
1592 3626 1640 3706 cf.
1665 3627 1830 3730 Append.
1856 3628 1904 3706 N.
1929 3629 1977 3707 V.
2027 3627 2138 3732 Apud
2162 3632 2319 3748 nullum?
2354 3627 2439 3732 quod

347 3779 352 3790 ·
445 3754 595 3849 sciara„
611 3748 821 3851 scriptorem
855 3748 984 3849 legitur
1014 3744 1112 3822 aliud
1134 3749 1338 3847 exemplum
1362 3747 1501 3849 priscae
1525 3748 1642 3845 illius,
1677 3773 1782 3848 quam
1802 3752 1935 3848 jactat,
1969 3749 2109 3850 pietatis
2134 3756 2170 3825 et
2194 3749 2437 3840 humanitatis;

445 3872 674 3951 manifestuum
698 3876 817 3944 tamen
841 3864 899 3962 fit,
934 3867 1139 3969 Augustum
1163 3865 1288 3964 istius,
1324 3892 1429 3969 quam
1455 3866 1499 3941 ab
1523 3868 1625 3942 initio
1651 3866 1912 3944 Triumuiratus
1937 3871 1996 3944 sui
2021 3871 2234 3966 exercuerit,
2273 3869 2438 3946 saevitiae

446 4002 553 4096 atque
570 3987 828 4067 inhumanitatis
850 3987 1066 4087 poenituisse
1087 3993 1269 4089 totumque
1291 3983 1378 4062 illud
1397 3985 1441 4061 de
1454 3985 1537 4062 Vita
1555 4012 1649 4086 opus
1674 3986 1730 4061 sui
1758 3984 1962 4063 defendendi
1981 3988 2098 4091 gratia
2118 3988 2163 4064 ab
2187 4015 2229 4064 eo
2254 3977 2442 4064 exaratum

444 4113 571 4190 laissa

1389 4289 1437 4398 S.
1466 4287 1512 4378 4.

599 4460 828 4537 Proferamus
853 4482 946 4533 nunc
971 4483 1015 4533 ea
1039 4456 1235 4561 fragmenta
1258 4484 1322 4534 seu
1346 4460 1544 4535 testimonia
1569 4423 1791 4561 scriptorum,
1817 4487 1908 4563 quae
1934 4489 1981 4536 ex
2004 4462 2131 4572 eodem
2150 4466 2309 4567 Augusti
2336 4492 2436 4568 opere

448 4588 506 4663 vel
538 4590 633 4658 certe
664 4582 721 4655 rel
753 4577 981 4681 probabilIter
1015 4577 1201 4682 desumpta
1232 4576 1371 4654 definiri
1401 4580 1525 4680 nequit
1555 4580 1594 4654 in
1627 4602 1698 4681 quc
1724 4579 1835 4656 Libro
1862 4585 1951 4657 lecta
1975 4582 2115 4661 luerint.
2166 4583 2380 4688 Rutgersius
2404 4593 2434 4659 et

446 4701 628 4782 Fabricius
660 4723 702 4774 eu
726 4697 904 4775 eoniusiru
929 4701 1136 4775 attuleruntz
1177 4725 1244 4774 nos
1267 4699 1458 4773 maximam
1483 4706 1619 4800 partem
1642 4707 1842 4802 temporum
1865 4727 2055 4805 renunque
2080 4705 2238 4806 ordinem
2263 4708 2376 4781 secuti
2398 4728 2435 4779 ea

445 4845 720 4924 oomposulmus·

601 4988 686 5088 Quo
709 4995 869 5089 tempore
893 5013 936 5063 ac
960 5014 1029 5089 quo
1056 4987 1198 5063 consilio
1221 4987 1407 5095 Augustus
1431 5013 1454 5062 a
1477 4987 1644 5089 Philippo
1667 4989 1789 5065 vitrico
1814 4997 1852 5065 et
1877 5014 1899 5065 a
1923 4991 2033 5066 leviro
2058 5018 2143 5088 suo,
2174 4994 2365 5089 Marcello,
2396 4991 2437 5068 ad

436 5112 668 5206 ‘Ciceronem
693 5108 966 5211 sexagenarium
983 5116 1021 5183 et
1037 5109 1191 5208 amplius
1206 5108 1449 5205 Consularem,
1475 5097 1656 5183 deductus
1680 5110 1787 5209 eique
1811 5108 1962 5186 traditus
1986 5112 2044 5208 sit,
2072 5113 2281 5212 explicatius
2303 5111 2436 5189 ostendi

447 5229 548 5306 Libr.
573 5226 605 5304 I.
630 5236 661 5320 6.
688 5231 726 5306 9.
751 5250 791 5328 Ρ.
813 5231 862 5305 27
889 5229 970 5328 sqq.
1019 5226 1183 5302 Dubitari
1207 5228 1332 5328 nequit
1356 5228 1444 5355 quin
1463 5228 1608 5328 juvenis
1632 5229 1692 5301 ille
1712 5230 1790 5328 jam
1815 5238 1909 5326 ante,
1942 5255 2050 5332 mam
2072 5230 2112 5305 in
2135 5230 2273 5326 Urbem
2296 5238 2438 5326 venire,

450 5357 586 5426 statum
608 5374 689 5424 cum
713 5349 831 5422 animo
856 5371 923 5459 suo
946 5345 1229 5447 destinatumque
1250 5340 1434 5444 babuerit,
1467 5354 1525 5444 ut,
1560 5344 1845 5425 dissuadentibus
1873 5350 1953 5425 licet
1977 5350 2200 5451 parentibus,
2229 5351 2438 5430 invidiosam

450 5467 522 5547 Iul.
547 5465 711 5543 Cameris
734 5465 919 5541 somonam
944 5463 1057 5539 adiret
1082 5469 1229 5568 ejusque
1252 5491 1483 5567 perurssores
1509 5472 1615 5567 atque
1639 5466 1875 5565 adversarios,
1901 5471 2189 5571 quamprimum
2212 5482 2349 5573 posset,
2374 5499 2437 5575 ps-

450 5588 538 5664 riter
568 5585 807 5664 uleiscmetnr.
856 5584 986 5662 Contra
1017 5585 1220 5686 opinionem
1245 5612 1350 5662 suam
1379 5588 1746 5690 exspectationemque
1778 5585 1832 5666 Μ.
1862 5588 2054 5665 Antonium
2085 5588 2169 5667 Cos.
2200 5601 2327 5668 nactus
2368 5599 2437 5669 erat
