5717 6575
428 559 505 683 aaa
1128 598 1168 671 v.
1195 601 1255 668 aa
1278 600 1494 672 canslms
1516 600 1715 672 accuser

583 792 694 867 Liber
719 791 791 868 IL:
825 789 930 891 Quae
947 792 1124 894 Augusto,
1149 775 1268 865 audita
1281 791 1367 869 Julii
1377 793 1542 870 Caesaris
1560 792 1677 890 caede,
1693 793 1883 894 Apollonia
1900 798 2054 874 Romam
2066 796 2227 873 redeunti
2242 797 2432 875 acciderint

332 984 336 991 .
432 921 570 1014 atquae
587 912 827 987 reduxsactus
853 912 901 986 ibi
925 911 1059 1011 publice
1084 913 1273 1014 peregerit,
1300 938 1342 987 ea
1365 914 1549 1013 probabile
1561 932 1565 940 ¹
1577 922 1633 989 est
1655 918 1734 1014 jam
1757 914 1956 1016 diligentius
1970 902 2161 1021 'inuusque
2173 917 2218 992 ah
2234 943 2276 993 eo
2293 919 2432 995 uectari

432 1039 554 1132 coepta
575 1058 654 1107 csse
678 1037 786 1109 Libro
800 1037 976 1108 Secundo.
1026 1029 1114 1105 Inde
1138 1034 1328 1107 maximam
1352 1059 1490 1135 quoque
1515 1043 1654 1140 partem
1676 1035 1802 1110 hausta
1827 1043 1911 1110 sunt
1936 1062 2026 1137 quae
2051 1036 2146 1138 apud
2171 1037 2363 1138 scriptores
2389 1036 2432 1112 de

418 1153 550 1252 primi,
583 1177 687 1253 quem
701 1150 837 1226 Romae
860 1152 1020 1250 privatus
1044 1150 1158 1225 adhuc
1183 1154 1363 1254 transegit,
1390 1155 1473 1227 anni
1492 1153 1642 1229 decursu
1667 1161 1809 1228 narrata
1829 1162 1986 1254 prostant
2009 1183 2090 1232 cum
2112 1155 2209 1256 apud
2235 1157 2336 1253 alios,
2360 1165 2432 1231 tum

313 1349 316 1355 ,
433 1269 589 1347 maxime
612 1270 710 1371 apud
732 1271 934 1372 Appianum
960 1269 1057 1348 Libr.
1080 1270 1149 1345 ΠΙ.
1176 1297 1207 1347 c.
1235 1278 1297 1349 10.
1321 1298 1399 1372 sqq.
1413 1272 1464 1369 1⁶)
2254 1254 2259 1267 ’

590 1483 624 1553 l.
650 1474 732 1572 Sic,
761 1484 803 1551 ut
828 1475 896 1550 hoc
925 1481 1025 1573 utar,
1041 1559 1044 1562 ,
1059 1473 1155 1577 quod
1169 1477 1278 1553 ‘solus
1303 1475 1491 1576 Appianae
1526 1502 1556 1550 c.
1583 1481 1644 1555 10.
1667 1477 1793 1573 habet,
1827 1477 2050 1579 Augustum,
2085 1478 2209 1554 relicta
2231 1481 2432 1581 Apollonia,

322 1666 341 1681 ,
432 1622 533 1671 mare
565 1596 748 1696 trajecisse
779 1591 850 1669 οὐκ
882 1594 918 1677 ἐς
946 1592 990 1668 τὸ
1022 1592 1250 1695 Βρεντέσιον
1290 1594 1414 1694 (οὔπω
1445 1591 1522 1697 γάρ
1556 1617 1643 1670 τινα
1673 1600 1743 1670 τοῦ
1778 1595 1882 1669 κεῖθι
1908 1601 2072 1696 στρατοῦ
2098 1601 2233 1698 πεῖραν
2260 1597 2432 1699 εἰληφώς,

433 1711 563 1790 πάντα
589 1710 836 1813 ἐφυλάσσετο)
864 1711 940 1787 ἀλλ’
970 1715 1005 1797 ἐς
1032 1711 1164 1813 ἑτέραν
1189 1711 1234 1790 οὐ
1260 1711 1418 1814 μακρὰν
1443 1711 1518 1787 ἀπὸ
1540 1717 1610 1787 τοῦ
1636 1713 1865 1812 Βρεντεσίου
1892 1710 2015 1811 πόλιν,
2048 1698 2153 1801 tarde
2179 1711 2302 1793 οὖσαν
2330 1715 2434 1813 ὁδοῦ,

433 1825 459 1930 ᾗ
477 1834 600 1932 ὄνομα
617 1830 799 1907 Λουπίαι.
820 1830 1015 1908 Ἐνταῦθα
1033 1826 1104 1908 οὖν
1123 1828 1342 1928 ἐνηυλίσατο
1362 1828 1593 1931 διατρίβων,
1624 1831 1662 1904 id
1677 1834 1780 1908 unice
1804 1859 1852 1907 ex
1867 1833 2021 1936 Augusti
2047 1838 2245 1913 narratione
2269 1837 2373 1913 Libri
2386 1838 2434 1913 Π.

314 2032 317 2038 ,
357 1944 366 1955 ’
436 1953 664 2055 desumptum
690 1978 770 2027 esse
794 1950 975 2052 probabile
997 1958 1063 2028 est.

591 2147 626 2216 2.
652 2140 734 2217 Non
756 2143 871 2242 magis
897 2140 1020 2215 dubito
1044 2141 1228 2240 suspicari,
1251 2141 1291 2215 in
1306 2140 1431 2216 eodem
1454 2109 1565 2216 Libro
1589 2141 1642 2216 Π.
1668 2149 1785 2216 actum
1807 2141 1917 2216 luisse
1943 2141 1987 2217 de
2012 2142 2094 2220 Julii
2121 2143 2284 2220 Caesaris
2308 2144 2436 2220 Testa-

438 2267 575 2356 mento,
611 2259 657 2334 de
685 2285 757 2361 quo
789 2267 932 2360 praeter
962 2258 1110 2335 Sueten.
1141 2258 1176 2336 J.
1200 2258 1242 2334 C.
1268 2287 1303 2337 c.
1325 2265 1387 2337 83.
1418 2261 1504 2361 ibiq.
1530 2261 1651 2360 Intpp.
1677 2236 1939 2336 accuratissime
1961 2263 2188 2338 Drumannus
2211 2264 2306 2342 llist.
2332 2264 2436 2339 Rem.

300 2367 302 2372 ¹
437 2380 517 2456 llol.
540 2379 573 2453 Ι.
596 2406 636 2479 p.
661 2384 724 2456 00.
750 2405 831 2478 sqq.
856 2379 1004 2478 scripsit.
1056 2379 1210 2453 Pertinet
1231 2379 1301 2453 huc
1322 2383 1420 2455 locus
1446 2381 1572 2454 Dionis
1597 2379 1699 2454 Cass
1727 2378 1827 2456 Libr.
1852 2381 1988 2456 XLIV.
2016 2408 2049 2459 e.
2071 2385 2157 2476 35.,
2189 2381 2269 2478 ubi,
2302 2409 2436 2458 memo·

437 2501 528 2573 ratis
551 2498 623 2577 Jul.
651 2498 813 2574 Caesaris
839 2496 1072 2641 haeredibus,
1106 2500 1239 2598 pergit.
1275 2495 1341 2571 καὶ
1366 2498 1514 2596 προςέτι
1536 2495 1603 2571 καὶ
1627 2496 1773 2639 δωρεὰς
1797 2499 1921 2581 ἄλλοις
1944 2498 1988 2573 τέ
2009 2524 2135 2589 τινας,
2170 2500 2236 2574 καὶ
2262 2507 2346 2596 τῇ
2335 2498 2436 2576 πόλει

439 2614 529 2700 τούς
551 2645 592 2691 τε
615 2602 757 2712 κήπους
782 2613 872 2699 τοὺς
898 2613 1068 2715 παραὶ
1028 2641 1097 2691 τον
1124 2612 1297 2715 Τίβεριν,
1329 2616 1395 2691 καὶ
1429 2614 1627 2716 δραχμὰς,
1665 2613 1716 2699 ὡς
1750 2613 1822 2716 μὲν
1847 2614 2007 2700 αὐτόςὸ
2029 2614 2251 2701 Ὀκταούϊος
2283 2617 2435 2721 γράφει,

440 2731 665 2834 τριάκοντα,
699 2765 751 2821 ως
781 2733 823 2810 dd
850 2734 985 2832 ἕτεροι,
1004 2728 1127 2810 πέντε
1155 2761 1222 2808 και
1208 2719 1553 2832 εῗβιΓοιιήκονταε
1535 2731 1683 2834 εκάστῳ
1711 2742 1822 2832 σφῶν
1847 2733 2015 2829 δοθῆναι
2036 2735 2257 2812 κεκέλευκεν
2280 2765 2317 2817 κ.
2345 2765 2378 2813 τ
2407 2747 2436 2812 Γ.

438 2854 623 2931 Fabricius
648 2855 753 2929 adh
781 2859 805 2929 l.
831 2855 877 2931 Ν.
904 2860 989 2931 152.
1018 2853 1092 2930 stz.
1118 2855 1331 2953 suspicatur,-
1365 2855 1494 2953 scripta
1521 2854 1607 2927 haee
1626 2808 1741 2928 sciisse
1769 2855 1813 2929 ab
1835 2855 2042 2993 Augusto
2030 2881 2069 2928 m
2093 2853 2365 2932 Commentariis
2395 2857 2437 2931 de

441 2968 524 3048 Vita
548 3001 634 3049 sua.
669 2973 943 3075 quaesuspieio
967 2975 1105 3048 sivero
1131 2980 1207 3057 est,
1240 2998 1311 3046 non
1342 2971 1462 3047 dubito
1489 2970 1535 3045 de
1556 2972 1666 3046 Libro
1691 2974 1739 3047 Π.
1768 2973 1944 3074 cogitare,
1986 2975 2022 3047 in
2043 3001 2114 3077 quo
2143 2977 2295 3050 relatum
2319 2977 2436 3051 luerit.

275 3148 276 3159 ,
326 3094 328 3098 ’
442 3094 492 3168 At
516 3120 588 3168 non
610 3091 864 3168 dissimulanda
890 3103 943 3166 est
964 3080 1046 3187 alia,
1080 3117 1171 3194 quae
1197 3092 1252 3165 hic
1274 3092 1440 3175 nascitur,
1479 3089 1531 3163 dil
1514 3089 1673 3167 l.ficultas
1724 3092 1879 3167 Auctore
1900 3092 2016 3168 Dione
2042 3094 2187 3189 Cassio,
2224 3098 2391 3198 qnemh.
2413 3101 2435 3172 l.

444 3212 663 3286 adverbum
689 3211 871 3313 descripsit
896 3212 1058 3286 Zonaras
1083 3209 1185 3286 Lihr.
1210 3210 1259 3284 X.
1285 3236 1315 3283 c.
1347 3216 1420 3304 12.,
1456 3209 1744 3313 Augustusrpse
1770 3212 1820 3284 ihi
1845 3210 2053 3309 tradiderat,
2087 3213 2133 3289 ab
2166 3214 2261 3292 Julio
2288 3217 2435 3295 Caesare

444 3333 574 3407 viritim
598 3334 729 3433 populo
762 3335 895 3433 legatas
928 3352 1006 3437 osse
1022 3325 1242 3442 τριακοντα
1269 3263 1463 3428 δραχμοΓςς
1505 3331 1562 3404 alii
1593 3338 1708 3405 autem
1737 3338 1897 3408 auctores
1929 3343 2209 3409 memoraverunt
2238 3336 2350 3412 πέντε
2375 3332 2436 3410 καὶ

443 3446 709 3589 isidopriaorrc
735 3443 921 3550 dpcgucic.
963 3434 1206 3525 Posteriorem
1231 3443 1321 3523 ha'ne
1347 3449 1523 3522 summam
1545 3448 1659 3524 firmat
1681 3449 1872 3527 Suetonius
1896 3427 1931 3529 Γ.
1947 3454 1988 3528 C.
2008 3480 2038 3529 c.
2058 3459 2141 3530 83..
2164 3456 2340 3556 „Populo
2356 3457 2436 3532 hor·

328 3603 330 3607 ¹
444 3578 501 3644 tos
527 3572 618 3645 circa
633 3571 795 3643 Tiberim
817 3563 966 3669 publice,
994 3556 1036 3644 et
1044 3570 1175 3644 viritim
1198 3537 1359 3646 trecenos
1382 3557 1561 3646 sestertios
1587 3572 1753 3672 legavit.“
1803 3570 1897 3644 Nam
1922 3577 1985 3649 75.
2013 3572 2201 3648 drachmae
2223 3572 2437 3677 respondent

444 3682 610 3764 trecentis
635 3691 823 3784 sestertiis3
860 3691 1006 3766 trecenti
1032 3697 1151 3764 autem
1175 3690 1327 3764 sestertii
1350 3690 1468 3770 valent
1490 3715 1618 3764 norem
1640 3690 1791 3764 thaleros
1814 3691 2028 3794 totidemque
2049 3719 2215 3796 grossos,
2252 3693 2436 3772 adnotante

445 3808 679 3888 FabricioN.
691 3816 779 3887 151
807 3810 898 3885 Cum
911 3810 1114 3886 Suetoniol
1110 3810 1229 3883 accunt
1237 3801 1446 3883 Plutarchus
1459 3809 1591 3884 Antcn.
1607 3835 1637 3883 c.
1651 3814 1710 3887 lli.
1737 3810 1841 3885 Brut.
1871 3838 1902 3886 c.
1923 3817 1985 3889 20.
2012 3823 2046 3888 et
2063 3815 2251 3913 Appianas
2275 3814 2378 3890 Libr.
2388 3815 2433 3890 Π.

447 3934 579 4006 ο..143
607 3927 717 4030 Quid,
744 3928 840 4030 quod
858 3917 1073 4033 Augustus
1062 3939 1141 4029 rpse
1156 3911 1326 4045 scriptum
1351 3922 1523 4029 reliquit
1512 3955 1551 4006 m
1572 3927 1733 4004 hlonmn.
1751 3929 1884 4055 Ancyr.
1906 3929 2036 4008 Tabul.
2061 3933 2164 4008 tertia
2189 3959 2212 4007 a
2233 3937 2323 4010 laer.
2351 3930 2435 4012 v.8.

389 4067 393 4084 ¹
444 4044 1298 4158 8173.011ια.ιτ,,Ρτε1ιι.ιιοιιαιιαι.ααΓαι
1326 4055 1382 4128 Sa
1410 4065 1582 4123 trecenos.
1609 4058 1811 4125 παιιιεναυί.
1835 4051 1894 4127 ευ.
1920 4067 2148 4128 testamento.
2173 4055 2309 4155 patris.
2333 4057 2436 4131 anei.“

447 4168 585 4264 Quodsi
616 4170 720 4242 Dioni
754 4167 877 4243 Cassio
897 4153 1026 4280 'fidem
1050 4160 1237 4284 habemus,
1271 4166 1494 4270 Augustus
1482 4192 1521 4238 m
1547 4144 1813 4243 Commentariis
1843 4170 1950 4272 longe
1979 4169 2154 4245 minorem
2179 4198 2353 4247 summam
2377 4179 2433 4250 30.

318 4319 320 4323 ·
450 4284 748 4360 drachmarum
719 4312 793 4361 sive
816 4298 980 4361 centenos
1001 4276 1148 4361 uicenos
1167 4288 1345 4360 sestertios
1371 4285 1574 4384 scripserat.
1622 4267 1812 4362 Mirificum
1831 4288 1924 4361 hunc
1946 4287 2146 4364 dissensum
2170 4318 2244 4366 non
2265 4293 2432 4369 hahemus

449 4432 519 4506 quo
543 4407 610 4480 alio
633 4405 739 4478 modo
765 4406 1019 4545 expediamus,
1046 4430 1151 4506 quarn
1175 4411 1217 4477 ut
1240 4404 1343 4476 aut
1331 4430 1451 4504 rpsum
1476 4405 1559 4505 Aug
1562 4412 1675 4478 ustum
1700 4407 1915 4505 impudentis
1942 4409 2116 4484 mendacii
2142 4437 2252 4485 reum
2271 4412 2432 4488 faciainus

448 4535 509 4598 aut
533 4527 637 4600 Dioni
658 4549 801 4627 gravem
827 4551 983 4602 errorem
1008 4526 1244 4627 impingamus
1270 4550 1348 4597 cum
1369 4526 1576 4597 Drunranno
1602 4526 1693 4600 Hist.
1718 4526 1822 4601 Rom.
1849 4527 1929 4603 Vol.
1954 4527 1985 4602 I.
2011 4557 2048 4628 p.
2076 4536 2161 4606 101.
2188 4532 2236 4607 Ν.
2258 4537 2321 4608 42.

602 4735 637 4806 3.
673 4730 811 4805 Plinius
833 4731 879 4806 N.
902 4732 947 4806 Η.
971 4729 1071 4804 Libr.
1096 4729 1143 4804 Π.
1165 4754 1207 4832 ο.
1232 4732 1294 4804 25.
1327 4729 1362 4826 5.
1386 4732 1469 4805 aa:
1504 4729 1694 4827 „Cometes
1722 4731 1759 4804 in
1792 4758 1863 4806 uno
1893 4734 2002 4825 totius
2033 4734 2130 4828 orbis
2154 4738 2230 4811 loco
2256 4740 2381 4824 colitur
2403 4739 2433 4812 in

449 4848 577 4947 temple
602 4848 755 4943 Romae,
791 4848 1149 4924 adrnodumrfaustus
1172 4849 1264 4922 Divo
1291 4847 1455 4948 Augusto
1482 4847 1661 4948 judicatus
1696 4850 1740 4923 ah
1766 4855 1864 4950 ipso,
1904 4854 1966 4952 qui
1998 4847 2183 4954 incipiente
2206 4882 2251 4931 ec
2277 4860 2434 4958 apparuit

448 4963 538 5043 ludis
564 4993 652 5070 quos
676 4969 830 5044 faciebat
855 4969 983 5044 Veneri
1005 4967 1182 5053 Genetrici
1215 4993 1286 5042 non
1316 4968 1425 5041 multo
1452 4977 1532 5067 post
1563 4969 1697 5042 obitum
1727 4973 1838 5068 patris
1865 4971 2047 5068 Caesaris,
2078 4975 2116 5048 in
2147 4977 2292 5077 collegio
2323 4976 2368 5051 ab
2396 5002 2433 5051 eo

446 5159 879 5171 m—-n-—ffl—

516 5294 563 5361 16)
586 5295 617 5346 ln
634 5294 800 5363 exponendis
816 5293 934 5361 Augusti
951 5294 1031 5345 rebus
1058 5293 1130 5346 lrand
1155 5292 1255 5358 exigua
1278 5291 1420 5345 tribuenda
1470 5285 1629 5358 consilium,¹
1655 5290 1788 5359 hodieque
1811 5302 1973 5364 compareat.
2006 5296 2132 5363 Diligens
2151 5297 2238 5351 estin
2255 5299 2336 5353 rebus
2353 5300 2435 5354 mino·

451 5386 530 5431 escit
531 5386 590 5432 outo
593 5379 659 5432 ritas
647 5380 882 5449 sapplancffir
849 5378 946 5447 quipp
932 5377 1083 5445 e'qain
1007 5378 1101 5446 rnejs
1122 5378 1220 5430 Libros
1244 5378 1362 5432 devita
1384 5377 1419 5429 ad
1468 5376 1562 5444 ribus,
1585 5394 1665 5445 prs
1604 5393 1665 5429 raes
1668 5377 1746 5430 ertim
1720 5379 2034 5448 mgeographicisfflr
2001 5387 2070 5450 qoa'a
2092 5386 2193 5435 certon
2211 5369 2332 5451 produnt
2344 5395 2433 5441 ιιιοιο·

515 5464 656 5517 ushaneh
658 5464 731 5517 1
717 5479 984 5533 oqemamma
1007 5469 1276 5531 partemsecusstu
1264 5462 1307 5517 sit
1346 5461 1419 5514 llice
1469 5477 1538 5519 reno.
1569 5463 1656 5515 Men
1658 5466 1792 5528 οιιε,1111
1822 5480 1857 5532 qu
1860 5465 2013 5533 amicique
2036 5467 2256 5533 deeoiudirca
2257 5470 2433 5525 eritcono·

543 5548 658 5602 οιιιιιΓιιιιι
633 5550 834 5618 marciptorum
852 5546 1103 5622 malleaceuratins
1122 5547 1266 5616 etffcop
1218 5564 1386 5600 rrrrrrrrrr
1388 5563 1419 5599 c-
1468 5547 1540 5600 mine
1570 5546 1621 5600 Clu
1605 5548 1711 5602 ιιιιείιιε
1743 5549 1803 5602 Ital.
1834 5550 1896 5603 Ant
1926 5551 2285 5622 8011.σ.28.ρ..;288
2325 5557 2433 5626 aequim

451 5565 505 5685 ratu
511 5639 538 5685 et
555 5633 594 5685 ta
611 5633 730 5703 quidem
753 5641 795 5703 ιι1,
821 5633 918 5702 qod
910 5649 971 5702 ipse
988 5632 1120 5701 Princeps
1138 5632 1210 5686 habu
1212 5632 1264 5728 eirt
1281 5632 1416 5687 scribendi
1469 5621 1766 5691 autemstatuithlann
1768 5639 1839 5690 crtus
1827 5634 1961 5703 sGeogr.
1977 5637 2040 5692 Ant.
2058 5638 2185 5693 VollX.
2203 5639 2229 5699 l.
2247 5656 2275 5708 p.
2292 5641 2354 5697 228.
