<?xml version="1.0" encoding="UTF-8"?>
<!DOCTYPE html PUBLIC "-//W3C//DTD XHTML 1.0 Transitional//EN"
    "http://www.w3.org/TR/xhtml1/DTD/xhtml1-transitional.dtd">
<html xmlns="http://www.w3.org/1999/xhtml" xml:lang="en" lang="en">
 <head>
  <title>
</title>
<meta http-equiv="Content-Type" content="text/html;charset=utf-8" />
  <meta name='ocr-system' content='tesseract 3.04.00' />
  <meta name='ocr-capabilities' content='ocr_page ocr_carea ocr_par ocr_line ocrx_word'/>
</head>
<body>
  <div class='ocr_page' id='page_1' title='image "./imperatoriscaes00weicgoog_0105.png"; bbox 0 0 5717 6575; ppageno 0'>
   <div class='ocr_carea' id='block_1_1' title="bbox 1194 613 1792 689">
    <p class='ocr_par' dir='ltr' id='par_1_1' title="bbox 1194 613 1792 689">
     <span class='ocr_line' id='line_1_1' title="bbox 1194 613 1792 689; baseline -0.003 -1"><span class='ocrx_word' id='word_1_1' title='bbox 1194 618 1239 689; x_wconf 86' lang='lat'><strong><em>11.</em></strong></span> <span class='ocrx_word' id='word_1_2' title='bbox 1279 616 1340 688; x_wconf 83' lang='lat' dir='ltr'><strong><em>DE</em></strong></span> <span class='ocrx_word' id='word_1_3' title='bbox 1362 613 1576 687; x_wconf 76' lang='lat' dir='ltr'>CAESARIS</span> <span class='ocrx_word' id='word_1_4' title='bbox 1595 613 1792 688; x_wconf 74' lang='lat' dir='ltr'><strong>AUGUSTI</strong></span> 
     </span>
    </p>
   </div>
   <div class='ocr_carea' id='block_1_2' title="bbox 771 790 2016 1977">
    <p class='ocr_par' dir='ltr' id='par_1_2' title="bbox 926 790 1969 1384">
     <span class='ocr_line' id='line_1_2' title="bbox 926 790 1969 912; baseline -0.003 -22"><span class='ocrx_word' id='word_1_5' title='bbox 926 817 974 890; x_wconf 87' lang='lat' dir='ltr'><strong><em>ln</em></strong></span> <span class='ocrx_word' id='word_1_6' title='bbox 1001 813 1139 888; x_wconf 58' lang='lat' dir='ltr'><strong><em>&amp;nores</em></strong></span> <span class='ocrx_word' id='word_1_7' title='bbox 1166 811 1270 887; x_wconf 74' lang='lat' dir='ltr'><strong><em>cant</em></strong></span> <span class='ocrx_word' id='word_1_8' title='bbox 1296 802 1401 887; x_wconf 82' lang='lat' dir='ltr'><strong><em>locro</em></strong></span> <span class='ocrx_word' id='word_1_9' title='bbox 1416 832 1548 888; x_wconf 75' lang='lat' dir='ltr'><strong><em>nocens</em></strong></span> <span class='ocrx_word' id='word_1_10' title='bbox 1584 790 1620 885; x_wconf 80' lang='lat' dir='ltr'><strong><em>et</em></strong></span> <span class='ocrx_word' id='word_1_11' title='bbox 1644 807 1810 912; x_wconf 73' lang='lat' dir='ltr'><strong><em>perfidus</em></strong></span> <span class='ocrx_word' id='word_1_12' title='bbox 1838 802 1969 887; x_wconf 70' lang='lat' dir='ltr'><strong><em>neor?</em></strong></span> 
     </span>
     <span class='ocr_line' id='line_1_3' title="bbox 927 932 1937 1026; baseline 0 -20"><span class='ocrx_word' id='word_1_13' title='bbox 927 936 1010 1006; x_wconf 83' lang='lat' dir='ltr'><strong><em>Huc</em></strong></span> <span class='ocrx_word' id='word_1_14' title='bbox 1033 933 1105 1006; x_wconf 80' lang='lat' dir='ltr'><strong><em>leno</em></strong></span> <span class='ocrx_word' id='word_1_15' title='bbox 1129 932 1288 1025; x_wconf 67' lang='lat' dir='ltr'><strong><em>Resides</em></strong></span> <span class='ocrx_word' id='word_1_16' title='bbox 1314 952 1504 1005; x_wconf 84' lang='lat' dir='ltr'><strong><em>nemorum</em></strong></span> <span class='ocrx_word' id='word_1_17' title='bbox 1526 953 1596 1025; x_wconf 82' lang='lat' dir='ltr'><strong><em>per</em></strong></span> <span class='ocrx_word' id='word_1_18' title='bbox 1626 932 1746 1003; x_wconf 79' lang='lat' dir='ltr'><strong><em>lustro</em></strong></span> <span class='ocrx_word' id='word_1_19' title='bbox 1772 933 1937 1026; x_wconf 66' lang='lat' dir='ltr'><strong><em>tonsores</em></strong></span> 
     </span>
     <span class='ocr_line' id='line_1_4' title="bbox 930 1047 1846 1150; baseline -0.004 -25"><span class='ocrx_word' id='word_1_20' title='bbox 930 1051 1102 1142; x_wconf 64' lang='lat' dir='ltr'><strong><em>Perdite,</em></strong></span> <span class='ocrx_word' id='word_1_21' title='bbox 1128 1061 1164 1124; x_wconf 85' lang='lat' dir='ltr'><strong><em>et</em></strong></span> <span class='ocrx_word' id='word_1_22' title='bbox 1188 1051 1358 1124; x_wconf 80' lang='lat' dir='ltr'><strong><em>ardentes</em></strong></span> <span class='ocrx_word' id='word_1_23' title='bbox 1379 1051 1486 1146; x_wconf 71' lang='lat' dir='ltr'><strong><em>ipone</em></strong></span> <span class='ocrx_word' id='word_1_24' title='bbox 1504 1047 1713 1150; x_wconf 74' lang='lat' dir='ltr'><strong><em>tlnoiolldus</em></strong></span> <span class='ocrx_word' id='word_1_25' title='bbox 1735 1048 1846 1122; x_wconf 82' lang='lat' dir='ltr'><strong><em>undis</em></strong></span> 
     </span>
     <span class='ocr_line' id='line_1_5' title="bbox 928 1169 1870 1267; baseline -0.002 -25"><span class='ocrx_word' id='word_1_26' title='bbox 928 1172 1106 1267; x_wconf 72' lang='lat' dir='ltr'><strong><em>Mergite,</em></strong></span> <span class='ocrx_word' id='word_1_27' title='bbox 1138 1192 1185 1242; x_wconf 89' lang='lat' dir='ltr'><strong><em>ne</em></strong></span> <span class='ocrx_word' id='word_1_28' title='bbox 1208 1179 1338 1263; x_wconf 79' lang='lat' dir='ltr'><strong><em>pereat</em></strong></span> <span class='ocrx_word' id='word_1_29' title='bbox 1370 1178 1451 1241; x_wconf 82' lang='lat' dir='ltr'><strong><em>tom</em></strong></span> <span class='ocrx_word' id='word_1_30' title='bbox 1479 1169 1572 1241; x_wconf 82' lang='lat' dir='ltr'><strong><em>olori</em></strong></span> <span class='ocrx_word' id='word_1_31' title='bbox 1594 1188 1703 1240; x_wconf 81' lang='lat' dir='ltr'><strong><em>muso</em></strong></span> <span class='ocrx_word' id='word_1_32' title='bbox 1726 1177 1870 1261; x_wconf 79' lang='lat' dir='ltr'><strong><em>ponae,</em></strong></span> 
     </span>
     <span class='ocr_line' id='line_1_6' title="bbox 926 1281 1947 1384; baseline -0.004 -23"><span class='ocrx_word' id='word_1_33' title='bbox 926 1290 1114 1384; x_wconf 81' lang='lat' dir='ltr'><strong><em>Famopue</em></strong></span> <span class='ocrx_word' id='word_1_34' title='bbox 1136 1296 1328 1361; x_wconf 72' lang='lat' dir='ltr'><strong><em>vanescat..</em></strong></span> <span class='ocrx_word' id='word_1_35' title='bbox 1375 1289 1482 1362; x_wconf 81' lang='lat' dir='ltr'><strong><em>l&#39;ioot</em></strong></span> <span class='ocrx_word' id='word_1_36' title='bbox 1505 1288 1615 1358; x_wconf 86' lang='lat' dir='ltr'><strong><em>Mero</em></strong></span> <span class='ocrx_word' id='word_1_37' title='bbox 1644 1289 1768 1359; x_wconf 76' lang='lat' dir='ltr'><strong><em>cluens</em></strong></span> <span class='ocrx_word' id='word_1_38' title='bbox 1797 1288 1839 1359; x_wconf 81' lang='lat' dir='ltr'><strong><em>in</em></strong></span> <span class='ocrx_word' id='word_1_39' title='bbox 1862 1281 1947 1358; x_wconf 84' lang='lat' dir='ltr'><strong><em>orde</em></strong></span> 
     </span>
    </p>

    <p class='ocr_par' dir='ltr' id='par_1_3' title="bbox 835 1387 2016 1739">
     <span class='ocr_line' id='line_1_7' title="bbox 835 1387 1924 1504; baseline -0.005 -24"><span class='ocrx_word' id='word_1_40' title='bbox 835 1387 843 1410; x_wconf 52' lang='lat'>¹</span> <span class='ocrx_word' id='word_1_41' title='bbox 926 1407 1168 1504; x_wconf 65' lang='lat' dir='ltr'><strong><em>ingratusque</em></strong></span> <span class='ocrx_word' id='word_1_42' title='bbox 1199 1404 1290 1496; x_wconf 74' lang='lat' dir='ltr'><strong><em>etot,</em></strong></span> <span class='ocrx_word' id='word_1_43' title='bbox 1315 1405 1379 1478; x_wconf 86' lang='lat' dir='ltr'><strong><em>sed</em></strong></span> <span class='ocrx_word' id='word_1_44' title='bbox 1398 1403 1497 1501; x_wconf 82' lang='lat' dir='ltr'><strong><em>quod</em></strong></span> <span class='ocrx_word' id='word_1_45' title='bbox 1521 1406 1619 1477; x_wconf 84' lang='lat' dir='ltr'><strong><em>mule</em></strong></span> <span class='ocrx_word' id='word_1_46' title='bbox 1637 1405 1806 1497; x_wconf 78' lang='lat' dir='ltr'><strong><em>jusserat</em></strong></span> <span class='ocrx_word' id='word_1_47' title='bbox 1831 1405 1924 1499; x_wconf 81' lang='lat' dir='ltr'><strong><em>ipse,</em></strong></span> 
     </span>
     <span class='ocr_line' id='line_1_8' title="bbox 918 1523 2016 1617; baseline 0 -21"><span class='ocrx_word' id='word_1_48' title='bbox 918 1525 983 1597; x_wconf 81' lang='lat' dir='ltr'><strong><em>&#39;Sit</em></strong></span> <span class='ocrx_word' id='word_1_49' title='bbox 1011 1527 1167 1598; x_wconf 69' lang='lat' dir='ltr'><strong><em>ostense</em></strong></span> <span class='ocrx_word' id='word_1_50' title='bbox 1191 1546 1325 1597; x_wconf 84' lang='lat' dir='ltr'><strong><em>meum.</em></strong></span> <span class='ocrx_word' id='word_1_51' title='bbox 1351 1525 1488 1596; x_wconf 82' lang='lat' dir='ltr'><strong><em>-Suocr</em></strong></span> <span class='ocrx_word' id='word_1_52' title='bbox 1518 1532 1573 1595; x_wconf 86' lang='lat' dir='ltr'><strong><em>ast</em></strong></span> <span class='ocrx_word' id='word_1_53' title='bbox 1599 1533 1685 1617; x_wconf 82' lang='lat' dir='ltr'><strong><em>post</em></strong></span> <span class='ocrx_word' id='word_1_54' title='bbox 1712 1532 1878 1617; x_wconf 81' lang='lat' dir='ltr'><strong><em>tenrporo</em></strong></span> <span class='ocrx_word' id='word_1_55' title='bbox 1907 1523 2016 1614; x_wconf 74' lang='lat' dir='ltr'><strong><em>vitoe,</em></strong></span> 
     </span>
     <span class='ocr_line' id='line_1_9' title="bbox 924 1642 1883 1739; baseline -0.003 -24"><span class='ocrx_word' id='word_1_56' title='bbox 924 1644 1053 1739; x_wconf 79' lang='lat' dir='ltr'><strong><em>Sisque</em></strong></span> <span class='ocrx_word' id='word_1_57' title='bbox 1073 1647 1143 1717; x_wconf 82' lang='lat' dir='ltr'><strong><em>erit</em></strong></span> <span class='ocrx_word' id='word_1_58' title='bbox 1169 1654 1361 1716; x_wconf 74' lang='lat' dir='ltr'><strong><em>aetenum</em></strong></span> <span class='ocrx_word' id='word_1_59' title='bbox 1388 1651 1468 1714; x_wconf 88' lang='lat' dir='ltr'><strong><em>toto</em></strong></span> <span class='ocrx_word' id='word_1_60' title='bbox 1492 1650 1685 1714; x_wconf 70' lang='lat' dir='ltr'><strong><em>resonante</em></strong></span> <span class='ocrx_word' id='word_1_61' title='bbox 1710 1642 1883 1734; x_wconf 82' lang='lat' dir='ltr'><strong><em>camene,</em></strong></span> 
     </span>
    </p>

    <p class='ocr_par' dir='ltr' id='par_1_4' title="bbox 771 1758 1816 1855">
     <span class='ocr_line' id='line_1_10' title="bbox 771 1758 1816 1855; baseline -0.004 -20"><span class='ocrx_word' id='word_1_62' title='bbox 771 1768 774 1775; x_wconf 85' lang='lat'>&#39;</span> <span class='ocrx_word' id='word_1_63' title='bbox 928 1762 1084 1834; x_wconf 74' lang='lat' dir='ltr'><strong><em>Carmen</em></strong></span> <span class='ocrx_word' id='word_1_64' title='bbox 1108 1773 1145 1834; x_wconf 87' lang='lat' dir='ltr'><strong><em>et</em></strong></span> <span class='ocrx_word' id='word_1_65' title='bbox 1170 1762 1316 1855; x_wconf 73' lang='lat' dir='ltr'><strong><em>imperii</em></strong></span> <span class='ocrx_word' id='word_1_66' title='bbox 1345 1758 1420 1832; x_wconf 72' lang='lat' dir='ltr'><strong><em>dive</em></strong></span> <span class='ocrx_word' id='word_1_67' title='bbox 1443 1758 1512 1832; x_wconf 76' lang='lat' dir='ltr'><strong><em>nelo</em></strong></span> <span class='ocrx_word' id='word_1_68' title='bbox 1538 1761 1684 1832; x_wconf 85' lang='lat' dir='ltr'><strong><em>nomine</em></strong></span> <span class='ocrx_word' id='word_1_69' title='bbox 1705 1760 1816 1832; x_wconf 70' lang='lat' dir='ltr'><strong><em>niem.</em></strong></span> 
     </span>
    </p>

    <p class='ocr_par' dir='ltr' id='par_1_5' title="bbox 903 1854 1923 1977">
     <span class='ocr_line' id='line_1_11' title="bbox 903 1854 1923 1977; baseline -0.004 -24"><span class='ocrx_word' id='word_1_70' title='bbox 903 1880 1136 1972; x_wconf 57' lang='grc' dir='ltr'><strong><em>Ἰωάνην,</em></strong></span> <span class='ocrx_word' id='word_1_71' title='bbox 1163 1882 1302 1977; x_wconf 71' lang='lat' dir='ltr'><strong><em>vigeat,</em></strong></span> <span class='ocrx_word' id='word_1_72' title='bbox 1325 1880 1495 1972; x_wconf 77' lang='lat' dir='ltr'><strong><em>pluerat,</em></strong></span> <span class='ocrx_word' id='word_1_73' title='bbox 1527 1854 1735 1975; x_wconf 65' lang='lat' dir='ltr'><strong><em>relegetur,</em></strong></span> <span class='ocrx_word' id='word_1_74' title='bbox 1767 1873 1923 1950; x_wconf 69' lang='lat' dir='ltr'><strong><em>omnus.</em></strong></span> 
     </span>
    </p>
   </div>
   <div class='ocr_carea' id='block_1_3' title="bbox 389 2030 2528 3574">
    <p class='ocr_par' dir='ltr' id='par_1_6' title="bbox 389 2030 2528 3574">
     <span class='ocr_line' id='line_1_12' title="bbox 646 2030 2490 2146; baseline -0.001 -27"><span class='ocrx_word' id='word_1_75' title='bbox 646 2043 761 2146; x_wconf 85' lang='lat' dir='ltr'><strong><em>Hujus</em></strong></span> <span class='ocrx_word' id='word_1_76' title='bbox 786 2039 951 2119; x_wconf 76' lang='lat' dir='ltr'><strong><em>carminis</em></strong></span> <span class='ocrx_word' id='word_1_77' title='bbox 975 2049 1134 2141; x_wconf 85' lang='lat' dir='ltr'><strong><em>textum,</em></strong></span> <span class='ocrx_word' id='word_1_78' title='bbox 1158 2068 1265 2144; x_wconf 89' lang='lat' dir='ltr'><strong><em>quem</em></strong></span> <span class='ocrx_word' id='word_1_79' title='bbox 1286 2030 1424 2138; x_wconf 84' lang='lat' dir='ltr'><strong><em>dicunt,</em></strong></span> <span class='ocrx_word' id='word_1_80' title='bbox 1446 2067 1575 2144; x_wconf 86' lang='lat' dir='ltr'><strong><em>operas</em></strong></span> <span class='ocrx_word' id='word_1_81' title='bbox 1595 2042 1691 2143; x_wconf 79' lang='lat' dir='ltr'><strong><em>typis</em></strong></span> <span class='ocrx_word' id='word_1_82' title='bbox 1715 2041 1921 2117; x_wconf 73' lang='lat' dir='ltr'><strong>exscribere</strong></span> <span class='ocrx_word' id='word_1_83' title='bbox 1939 2040 2038 2143; x_wconf 84' lang='lat' dir='ltr'><strong><em>jussi</em></strong></span> <span class='ocrx_word' id='word_1_84' title='bbox 2059 2066 2107 2117; x_wconf 81' lang='lat' dir='ltr'><strong><em>ex</em></strong></span> <span class='ocrx_word' id='word_1_85' title='bbox 2127 2041 2176 2118; x_wconf 88' lang='lat' dir='ltr'><strong><em>ll.</em></strong></span> <span class='ocrx_word' id='word_1_86' title='bbox 2191 2039 2329 2139; x_wconf 82' lang='lat' dir='ltr'><strong><em>Meyeri</em></strong></span> <span class='ocrx_word' id='word_1_87' title='bbox 2342 2038 2490 2118; x_wconf 77' lang='lat' dir='ltr'><strong><em>Antho-</em></strong></span> 
     </span>
     <span class='ocr_line' id='line_1_13' title="bbox 493 2157 2490 2264; baseline -0.001 -26"><span class='ocrx_word' id='word_1_88' title='bbox 493 2159 589 2264; x_wconf 87' lang='lat' dir='ltr'><strong><em>logia</em></strong></span> <span class='ocrx_word' id='word_1_89' title='bbox 612 2159 754 2259; x_wconf 80' lang='lat' dir='ltr'><strong><em>Latina,</em></strong></span> <span class='ocrx_word' id='word_1_90' title='bbox 779 2163 908 2239; x_wconf 87' lang='lat' dir='ltr'><strong><em>omissa</em></strong></span> <span class='ocrx_word' id='word_1_91' title='bbox 933 2164 1028 2237; x_wconf 91' lang='lat' dir='ltr'><strong><em>omni</em></strong></span> <span class='ocrx_word' id='word_1_92' title='bbox 1052 2163 1241 2238; x_wconf 88' lang='lat' dir='ltr'><strong><em>lectionum</em></strong></span> <span class='ocrx_word' id='word_1_93' title='bbox 1266 2162 1434 2238; x_wconf 81' lang='lat' dir='ltr'><strong><em>varietate</em></strong></span> <span class='ocrx_word' id='word_1_94' title='bbox 1456 2157 1675 2264; x_wconf 83' lang='lat' dir='ltr'><strong><em>rejectoque,</em></strong></span> <span class='ocrx_word' id='word_1_95' title='bbox 1698 2168 1739 2235; x_wconf 90' lang='lat' dir='ltr'><strong><em>ut</em></strong></span> <span class='ocrx_word' id='word_1_96' title='bbox 1763 2185 1830 2261; x_wconf 86' lang='lat' dir='ltr'><strong><em>par</em></strong></span> <span class='ocrx_word' id='word_1_97' title='bbox 1851 2166 1917 2256; x_wconf 61' lang='lat' dir='ltr'><strong><em>est</em></strong></span> <span class='ocrx_word' id='word_1_98' title='bbox 1940 2186 2060 2236; x_wconf 90' lang='lat' dir='ltr'><strong><em>rerum</em></strong></span> <span class='ocrx_word' id='word_1_99' title='bbox 2085 2160 2343 2263; x_wconf 83' lang='lat' dir='ltr'><strong><em>verborumque</em></strong></span> <span class='ocrx_word' id='word_1_100' title='bbox 2367 2158 2490 2236; x_wconf 86' lang='lat' dir='ltr'><strong><em>aduo-</em></strong></span> 
     </span>
     <span class='ocr_line' id='line_1_14' title="bbox 493 2276 2490 2382; baseline 0.001 -28"><span class='ocrx_word' id='word_1_101' title='bbox 493 2280 643 2377; x_wconf 87' lang='lat' dir='ltr'><strong><em>totione,</em></strong></span> <span class='ocrx_word' id='word_1_102' title='bbox 666 2278 798 2382; x_wconf 86' lang='lat' dir='ltr'><strong><em>quaid</em></strong></span> <span class='ocrx_word' id='word_1_103' title='bbox 825 2307 907 2357; x_wconf 90' lang='lat' dir='ltr'><strong><em>cum</em></strong></span> <span class='ocrx_word' id='word_1_104' title='bbox 929 2282 989 2355; x_wconf 84' lang='lat' dir='ltr'><strong><em>alii</em></strong></span> <span class='ocrx_word' id='word_1_105' title='bbox 1009 2280 1161 2357; x_wconf 78' lang='lat' dir='ltr'><strong>editores</strong></span> <span class='ocrx_word' id='word_1_106' title='bbox 1186 2276 1450 2375; x_wconf 85' lang='lat' dir='ltr'><strong><em>instruxerunt,</em></strong></span> <span class='ocrx_word' id='word_1_107' title='bbox 1483 2286 1559 2355; x_wconf 87' lang='lat' dir='ltr'><strong><em>tum</em></strong></span> <span class='ocrx_word' id='word_1_108' title='bbox 1594 2278 1754 2380; x_wconf 85' lang='lat' dir='ltr'><strong><em>inprimis</em></strong></span> <span class='ocrx_word' id='word_1_109' title='bbox 1776 2280 2017 2356; x_wconf 80' lang='lat' dir='ltr'><strong><em>Burmannus.</em></strong></span> <span class='ocrx_word' id='word_1_110' title='bbox 2066 2281 2148 2356; x_wconf 90' lang='lat' dir='ltr'><strong><em>Una</em></strong></span> <span class='ocrx_word' id='word_1_111' title='bbox 2183 2281 2278 2355; x_wconf 91' lang='lat' dir='ltr'><strong><em>enim</em></strong></span> <span class='ocrx_word' id='word_1_112' title='bbox 2300 2279 2406 2356; x_wconf 87' lang='lat' dir='ltr'><strong><em>hodie</em></strong></span> <span class='ocrx_word' id='word_1_113' title='bbox 2431 2285 2490 2355; x_wconf 86' lang='lat' dir='ltr'><strong><em>est</em></strong></span> 
     </span>
     <span class='ocr_line' id='line_1_15' title="bbox 494 2386 2528 2502; baseline 0 -28"><span class='ocrx_word' id='word_1_114' title='bbox 494 2421 537 2474; x_wconf 89' lang='lat' dir='ltr'><strong><em>ac</em></strong></span> <span class='ocrx_word' id='word_1_115' title='bbox 565 2399 784 2475; x_wconf 88' lang='lat' dir='ltr'><strong><em>consentiens</em></strong></span> <span class='ocrx_word' id='word_1_116' title='bbox 809 2399 975 2475; x_wconf 82' lang='lat' dir='ltr'><strong>Virorum</strong></span> <span class='ocrx_word' id='word_1_117' title='bbox 999 2401 1192 2476; x_wconf 73' lang='lat' dir='ltr'><strong>Doctorum</strong></span> <span class='ocrx_word' id='word_1_118' title='bbox 1215 2425 1307 2497; x_wconf 69' lang='lat' dir='ltr'><strong><em>ron,</em></strong></span> <span class='ocrx_word' id='word_1_119' title='bbox 1328 2399 1394 2476; x_wconf 78' lang='lat' dir='ltr'><strong><em>loos</em></strong></span> <span class='ocrx_word' id='word_1_120' title='bbox 1413 2386 1539 2474; x_wconf 84' lang='lat' dir='ltr'><strong><em>versus</em></strong></span> <span class='ocrx_word' id='word_1_121' title='bbox 1563 2421 1784 2499; x_wconf 80' lang='lat' dir='ltr'><strong><em>nequaquam</em></strong></span> <span class='ocrx_word' id='word_1_122' title='bbox 1807 2398 1852 2472; x_wconf 86' lang='lat' dir='ltr'><strong><em>oh</em></strong></span> <span class='ocrx_word' id='word_1_123' title='bbox 1875 2396 2051 2500; x_wconf 85' lang='lat' dir='ltr'><strong><em>Augusto,</em></strong></span> <span class='ocrx_word' id='word_1_124' title='bbox 2076 2397 2140 2477; x_wconf 89' lang='lat' dir='ltr'><strong><em>sed</em></strong></span> <span class='ocrx_word' id='word_1_125' title='bbox 2165 2425 2187 2474; x_wconf 90' lang='lat' dir='ltr'><strong><em>a</em></strong></span> <span class='ocrx_word' id='word_1_126' title='bbox 2210 2405 2317 2502; x_wconf 69' lang='lat' dir='ltr'><strong><em>poeta</em></strong></span> <span class='ocrx_word' id='word_1_127' title='bbox 2330 2395 2489 2500; x_wconf 84' lang='lat' dir='ltr'><strong><em>quodum</em></strong></span> <span class='ocrx_word' id='word_1_128' title='bbox 2526 2399 2528 2403; x_wconf 77' lang='grc'><strong>’</strong></span> 
     </span>
     <span class='ocr_line' id='line_1_16' title="bbox 389 2514 2489 2621; baseline 0 -29"><span class='ocrx_word' id='word_1_129' title='bbox 389 2569 392 2574; x_wconf 91' lang='grc'><strong>-</strong></span> <span class='ocrx_word' id='word_1_130' title='bbox 495 2517 643 2593; x_wconf 86' lang='lat' dir='ltr'><strong><em>serioris</em></strong></span> <span class='ocrx_word' id='word_1_131' title='bbox 667 2518 746 2592; x_wconf 84' lang='lat' dir='ltr'><strong><em>aori</em></strong></span> <span class='ocrx_word' id='word_1_132' title='bbox 771 2517 975 2617; x_wconf 85' lang='lat' dir='ltr'><strong><em>scholastico</em></strong></span> <span class='ocrx_word' id='word_1_133' title='bbox 1001 2518 1214 2621; x_wconf 87' lang='lat' dir='ltr'><strong><em>compositos</em></strong></span> <span class='ocrx_word' id='word_1_134' title='bbox 1232 2544 1336 2614; x_wconf 86' lang='lat' dir='ltr'><strong><em>esse,</em></strong></span> <span class='ocrx_word' id='word_1_135' title='bbox 1370 2516 1473 2620; x_wconf 84' lang='lat' dir='ltr'><strong><em>utqui</em></strong></span> <span class='ocrx_word' id='word_1_136' title='bbox 1493 2541 1540 2591; x_wconf 91' lang='lat' dir='ltr'><strong><em>ne</em></strong></span> <span class='ocrx_word' id='word_1_137' title='bbox 1567 2516 1689 2592; x_wconf 89' lang='lat' dir='ltr'><strong><em>scierit</em></strong></span> <span class='ocrx_word' id='word_1_138' title='bbox 1709 2514 1853 2618; x_wconf 77' lang='lat' dir='ltr'><strong><em>quidem</em></strong></span> <span class='ocrx_word' id='word_1_139' title='bbox 1874 2525 2073 2619; x_wconf 83' lang='lat' dir='ltr'><strong><em>susceptam</em></strong></span> <span class='ocrx_word' id='word_1_140' title='bbox 2096 2518 2267 2621; x_wconf 87' lang='lat' dir='ltr'><strong><em>Principis</em></strong></span> <span class='ocrx_word' id='word_1_141' title='bbox 2293 2542 2489 2619; x_wconf 78' lang='lat' dir='ltr'><strong><em>personam</em></strong></span> 
     </span>
     <span class='ocr_line' id='line_1_17' title="bbox 495 2634 2488 2739; baseline 0.001 -28"><span class='ocrx_word' id='word_1_142' title='bbox 495 2657 576 2711; x_wconf 90' lang='lat' dir='ltr'><strong><em>oum</em></strong></span> <span class='ocrx_word' id='word_1_143' title='bbox 598 2636 713 2739; x_wconf 85' lang='lat' dir='ltr'><strong><em>alique</em></strong></span> <span class='ocrx_word' id='word_1_144' title='bbox 734 2634 841 2712; x_wconf 90' lang='lat' dir='ltr'><strong><em>leude</em></strong></span> <span class='ocrx_word' id='word_1_145' title='bbox 864 2637 1052 2714; x_wconf 81' lang='lat' dir='ltr'><strong><em>sustinere.</em></strong></span> <span class='ocrx_word' id='word_1_146' title='bbox 1102 2636 1201 2713; x_wconf 88' lang='lat' dir='ltr'><strong><em>Leve</em></strong></span> <span class='ocrx_word' id='word_1_147' title='bbox 1226 2639 1318 2713; x_wconf 91' lang='lat' dir='ltr'><strong><em>enim</em></strong></span> <span class='ocrx_word' id='word_1_148' title='bbox 1343 2644 1398 2712; x_wconf 88' lang='lat' dir='ltr'><strong><em>est</em></strong></span> <span class='ocrx_word' id='word_1_149' title='bbox 1418 2634 1525 2730; x_wconf 92' lang='lat' dir='ltr'><strong><em>illud,</em></strong></span> <span class='ocrx_word' id='word_1_150' title='bbox 1555 2634 1651 2736; x_wconf 85' lang='lat' dir='ltr'><strong><em>quod</em></strong></span> <span class='ocrx_word' id='word_1_151' title='bbox 1673 2637 1896 2712; x_wconf 78' lang='lat' dir='ltr'><strong><em>Burmannus</em></strong></span> <span class='ocrx_word' id='word_1_152' title='bbox 1921 2635 1967 2712; x_wconf 92' lang='lat' dir='ltr'><strong><em>de</em></strong></span> <span class='ocrx_word' id='word_1_153' title='bbox 1989 2664 2023 2713; x_wconf 85' lang='lat' dir='ltr'><strong><em>u.</em></strong></span> <span class='ocrx_word' id='word_1_154' title='bbox 2057 2641 2116 2715; x_wconf 84' lang='lat'><strong><em>17.</em></strong></span> <span class='ocrx_word' id='word_1_155' title='bbox 2144 2645 2179 2712; x_wconf 87' lang='lat' dir='ltr'><strong><em>et</em></strong></span> <span class='ocrx_word' id='word_1_156' title='bbox 2202 2662 2238 2714; x_wconf 88' lang='lat' dir='ltr'><strong><em>r.</em></strong></span> <span class='ocrx_word' id='word_1_157' title='bbox 2265 2641 2329 2715; x_wconf 90' lang='grc'><strong><em>33.</em></strong></span> <span class='ocrx_word' id='word_1_158' title='bbox 2351 2647 2488 2733; x_wconf 86' lang='lat' dir='ltr'><strong><em>monet,</em></strong></span> 
     </span>
     <span class='ocr_line' id='line_1_18' title="bbox 494 2748 2489 2859; baseline 0.003 -30"><span class='ocrx_word' id='word_1_159' title='bbox 494 2754 533 2828; x_wconf 89' lang='lat' dir='ltr'><strong><em>in</em></strong></span> <span class='ocrx_word' id='word_1_160' title='bbox 556 2780 625 2856; x_wconf 77' lang='lat' dir='ltr'><strong><em>quo</em></strong></span> <span class='ocrx_word' id='word_1_161' title='bbox 650 2751 695 2830; x_wconf 80' lang='grc' dir='ltr'><strong><em>τὸ</em></strong></span> <span class='ocrx_word' id='word_1_162' title='bbox 716 2748 814 2851; x_wconf 81' lang='grc' dir='ltr'><strong><em>ἦθος</em></strong></span> <span class='ocrx_word' id='word_1_163' title='bbox 835 2757 993 2859; x_wconf 80' lang='lat' dir='ltr'><strong><em>Augusti</em></strong></span> <span class='ocrx_word' id='word_1_164' title='bbox 1014 2756 1148 2857; x_wconf 90' lang='lat' dir='ltr'><strong><em>optime</em></strong></span> <span class='ocrx_word' id='word_1_165' title='bbox 1170 2780 1378 2857; x_wconf 82' lang='lat' dir='ltr'><strong><em>expressum</em></strong></span> <span class='ocrx_word' id='word_1_166' title='bbox 1402 2748 1483 2830; x_wconf 85' lang='lat' dir='ltr'><strong><em>esse</em></strong></span> <span class='ocrx_word' id='word_1_167' title='bbox 1503 2753 1648 2853; x_wconf 86' lang='lat' dir='ltr'><strong><em>judicat.</em></strong></span> <span class='ocrx_word' id='word_1_168' title='bbox 1699 2753 1744 2828; x_wconf 88' lang='lat' dir='ltr'><strong><em>In</em></strong></span> <span class='ocrx_word' id='word_1_169' title='bbox 1768 2752 1856 2830; x_wconf 86' lang='lat' dir='ltr'><strong><em>God.</em></strong></span> <span class='ocrx_word' id='word_1_170' title='bbox 1871 2755 2031 2830; x_wconf 89' lang='lat' dir='ltr'><strong><em>Vatican.</em></strong></span> <span class='ocrx_word' id='word_1_171' title='bbox 2049 2755 2095 2831; x_wconf 89' lang='lat' dir='ltr'><strong><em>N.</em></strong></span> <span class='ocrx_word' id='word_1_172' title='bbox 2115 2760 2227 2834; x_wconf 79' lang='lat'><strong><em>1586.</em></strong></span> <span class='ocrx_word' id='word_1_173' title='bbox 2250 2756 2318 2830; x_wconf 90' lang='lat' dir='ltr'><strong><em>hoc</em></strong></span> <span class='ocrx_word' id='word_1_174' title='bbox 2338 2781 2489 2834; x_wconf 74' lang='lat' dir='ltr'><strong><em>momen</em></strong></span> 
     </span>
     <span class='ocr_line' id='line_1_19' title="bbox 495 2871 2488 2975; baseline 0.002 -28"><span class='ocrx_word' id='word_1_175' title='bbox 495 2871 661 2948; x_wconf 75' lang='lat' dir='ltr'><strong><em>tribuitur</em></strong></span> <span class='ocrx_word' id='word_1_176' title='bbox 688 2880 831 2952; x_wconf 80' lang='lat' dir='ltr'><strong><em>Valerio</em></strong></span> <span class='ocrx_word' id='word_1_177' title='bbox 858 2883 1051 2954; x_wconf 73' lang='lat' dir='ltr'><strong><em>Martiali.-</em></strong></span> <span class='ocrx_word' id='word_1_178' title='bbox 1085 2901 1157 2951; x_wconf 90' lang='lat' dir='ltr'><strong><em>non</em></strong></span> <span class='ocrx_word' id='word_1_179' title='bbox 1188 2876 1322 2975; x_wconf 86' lang='lat' dir='ltr'><strong><em>majore</em></strong></span> <span class='ocrx_word' id='word_1_180' title='bbox 1348 2876 1430 2974; x_wconf 91' lang='lat' dir='ltr'><strong><em>jure</em></strong></span> <span class='ocrx_word' id='word_1_181' title='bbox 1460 2897 1565 2973; x_wconf 86' lang='lat' dir='ltr'><strong><em>quam</em></strong></span> <span class='ocrx_word' id='word_1_182' title='bbox 1586 2871 1774 2974; x_wconf 76' lang='lat' dir='ltr'><strong><em>Augusto,</em></strong></span> <span class='ocrx_word' id='word_1_183' title='bbox 1802 2875 1883 2949; x_wconf 88' lang='lat' dir='ltr'><strong><em>licet</em></strong></span> <span class='ocrx_word' id='word_1_184' title='bbox 1913 2874 2014 2947; x_wconf 92' lang='lat' dir='ltr'><strong><em>illum</em></strong></span> <span class='ocrx_word' id='word_1_185' title='bbox 2042 2900 2113 2949; x_wconf 91' lang='lat' dir='ltr'><strong><em>uon</em></strong></span> <span class='ocrx_word' id='word_1_186' title='bbox 2137 2873 2301 2950; x_wconf 87' lang='lat' dir='ltr'><strong><em>excludat</em></strong></span> <span class='ocrx_word' id='word_1_187' title='bbox 2324 2873 2488 2974; x_wconf 81' lang='lat' dir='ltr'><strong><em>syllabae</em></strong></span> 
     </span>
     <span class='ocr_line' id='line_1_20' title="bbox 494 2990 2488 3098; baseline 0.002 -32"><span class='ocrx_word' id='word_1_188' title='bbox 494 2998 697 3094; x_wconf 74' lang='lat' dir='ltr'><strong><em>postremae</em></strong></span> <span class='ocrx_word' id='word_1_189' title='bbox 718 2993 756 3068; x_wconf 91' lang='lat' dir='ltr'><strong><em>iu</em></strong></span> <span class='ocrx_word' id='word_1_190' title='bbox 778 3019 814 3071; x_wconf 86' lang='lat' dir='ltr'><strong><em>r.</em></strong></span> <span class='ocrx_word' id='word_1_191' title='bbox 835 3022 917 3098; x_wconf 73' lang='lat' dir='ltr'><strong><em>erpo</em></strong></span> <span class='ocrx_word' id='word_1_192' title='bbox 939 3021 976 3072; x_wconf 82' lang='lat' dir='ltr'><strong><em>v.</em></strong></span> <span class='ocrx_word' id='word_1_193' title='bbox 1001 3000 1036 3071; x_wconf 89' lang='lat' dir='ltr'><strong><em>l.</em></strong></span> <span class='ocrx_word' id='word_1_194' title='bbox 1061 2993 1257 3093; x_wconf 87' lang='lat' dir='ltr'><strong><em>correptio,</em></strong></span> <span class='ocrx_word' id='word_1_195' title='bbox 1282 3018 1389 3093; x_wconf 87' lang='lat' dir='ltr'><strong><em>quam</em></strong></span> <span class='ocrx_word' id='word_1_196' title='bbox 1411 3015 1499 3094; x_wconf 86' lang='lat' dir='ltr'><strong><em>prae</em></strong></span> <span class='ocrx_word' id='word_1_197' title='bbox 1532 2991 1682 3066; x_wconf 73' lang='lat' dir='ltr'><strong><em>materis</em></strong></span> <span class='ocrx_word' id='word_1_198' title='bbox 1711 2998 1816 3092; x_wconf 82' lang='lat' dir='ltr'><strong><em>urget</em></strong></span> <span class='ocrx_word' id='word_1_199' title='bbox 1836 2990 2087 3068; x_wconf 77' lang='lat' dir='ltr'><strong><em>Broulchusius</em></strong></span> <span class='ocrx_word' id='word_1_200' title='bbox 2111 2991 2157 3069; x_wconf 91' lang='lat' dir='ltr'><strong><em>ad</em></strong></span> <span class='ocrx_word' id='word_1_201' title='bbox 2180 2993 2358 3095; x_wconf 85' lang='lat' dir='ltr'><strong><em>Propertii</em></strong></span> <span class='ocrx_word' id='word_1_202' title='bbox 2380 2992 2488 3071; x_wconf 73' lang='lat' dir='ltr'><strong><em>Line.</em></strong></span> 
     </span>
     <span class='ocr_line' id='line_1_21' title="bbox 496 3108 2497 3215; baseline 0.002 -29"><span class='ocrx_word' id='word_1_203' title='bbox 496 3108 563 3187; x_wconf 80' lang='grc' dir='ltr'><strong><em>[Π.</em></strong></span> <span class='ocrx_word' id='word_1_204' title='bbox 590 3108 692 3214; x_wconf 84' lang='lat' dir='ltr'><strong><em>Eleg.</em></strong></span> <span class='ocrx_word' id='word_1_205' title='bbox 716 3112 754 3190; x_wconf 83' lang='lat'><strong><em>5.</em></strong></span> <span class='ocrx_word' id='word_1_206' title='bbox 778 3137 814 3189; x_wconf 87' lang='lat' dir='ltr'><strong><em>r.</em></strong></span> <span class='ocrx_word' id='word_1_207' title='bbox 844 3119 880 3191; x_wconf 93' lang='grc'><strong><em>1.</em></strong></span> <span class='ocrx_word' id='word_1_208' title='bbox 903 3140 942 3214; x_wconf 88' lang='lat' dir='ltr'><strong><em>p.</em></strong></span> <span class='ocrx_word' id='word_1_209' title='bbox 968 3115 1055 3191; x_wconf 83' lang='lat'><strong><em>239.</em></strong></span> <span class='ocrx_word' id='word_1_210' title='bbox 1108 3110 1318 3187; x_wconf 79' lang='lat' dir='ltr'><strong><em>conseratur</em></strong></span> <span class='ocrx_word' id='word_1_211' title='bbox 1339 3108 1441 3185; x_wconf 89' lang='lat' dir='ltr'><strong><em>docta</em></strong></span> <span class='ocrx_word' id='word_1_212' title='bbox 1465 3108 1642 3185; x_wconf 82' lang='lat' dir='ltr'><strong><em>adnotatio</em></strong></span> <span class='ocrx_word' id='word_1_213' title='bbox 1666 3109 1835 3211; x_wconf 86' lang='lat' dir='ltr'><strong><em>Leuuepii</em></strong></span> <span class='ocrx_word' id='word_1_214' title='bbox 1860 3109 1908 3185; x_wconf 85' lang='lat' dir='ltr'><strong><em>od</em></strong></span> <span class='ocrx_word' id='word_1_215' title='bbox 1931 3110 2049 3189; x_wconf 82' lang='lat' dir='ltr'><strong><em>Ouidii</em></strong></span> <span class='ocrx_word' id='word_1_216' title='bbox 2075 3111 2217 3189; x_wconf 84' lang='lat' dir='ltr'><strong><em>Heroid.</em></strong></span> <span class='ocrx_word' id='word_1_217' title='bbox 2242 3112 2360 3215; x_wconf 81' lang='lat' dir='ltr'><strong><em>Epist.</em></strong></span> <span class='ocrx_word' id='word_1_218' title='bbox 2374 3113 2421 3189; x_wconf 86' lang='lat' dir='ltr'><strong><em>V.</em></strong></span> <span class='ocrx_word' id='word_1_219' title='bbox 2451 3139 2497 3215; x_wconf 73' lang='lat' dir='ltr'><strong><em>v.</em></strong></span> 
     </span>
     <span class='ocr_line' id='line_1_22' title="bbox 496 3224 2489 3334; baseline 0.001 -24"><span class='ocrx_word' id='word_1_220' title='bbox 496 3230 561 3310; x_wconf 83' lang='lat'><strong><em>59.</em></strong></span> <span class='ocrx_word' id='word_1_221' title='bbox 610 3230 661 3305; x_wconf 81' lang='lat' dir='ltr'><strong><em>At</em></strong></span> <span class='ocrx_word' id='word_1_222' title='bbox 683 3237 799 3308; x_wconf 88' lang='lat' dir='ltr'><strong><em>totum</em></strong></span> <span class='ocrx_word' id='word_1_223' title='bbox 821 3224 1005 3308; x_wconf 85' lang='lat' dir='ltr'><strong><em>comnena</em></strong></span> <span class='ocrx_word' id='word_1_224' title='bbox 1030 3237 1179 3306; x_wconf 84' lang='lat' dir='ltr'><strong><em>venusto</em></strong></span> <span class='ocrx_word' id='word_1_225' title='bbox 1205 3230 1336 3307; x_wconf 68' lang='lat' dir='ltr'><strong><em>Pettae</em></strong></span> <span class='ocrx_word' id='word_1_226' title='bbox 1356 3229 1548 3306; x_wconf 84' lang='lat' dir='ltr'><strong><em>Bilbiliteui</em></strong></span> <span class='ocrx_word' id='word_1_227' title='bbox 1570 3227 1713 3333; x_wconf 89' lang='lat' dir='ltr'><strong><em>ingenio</em></strong></span> <span class='ocrx_word' id='word_1_228' title='bbox 1736 3228 1911 3308; x_wconf 87' lang='lat' dir='ltr'><strong><em>abhorret.</em></strong></span> <span class='ocrx_word' id='word_1_229' title='bbox 1961 3229 2100 3307; x_wconf 80' lang='lat' dir='ltr'><strong><em>Acerba</em></strong></span> <span class='ocrx_word' id='word_1_230' title='bbox 2122 3231 2281 3334; x_wconf 85' lang='lat' dir='ltr'><strong><em>quidam,</em></strong></span> <span class='ocrx_word' id='word_1_231' title='bbox 2309 3231 2372 3310; x_wconf 85' lang='lat' dir='ltr'><strong><em>sed</em></strong></span> <span class='ocrx_word' id='word_1_232' title='bbox 2400 3258 2489 3312; x_wconf 85' lang='lat' dir='ltr'><strong><em>vere</em></strong></span> 
     </span>
     <span class='ocr_line' id='line_1_23' title="bbox 497 3339 2489 3451; baseline 0.002 -25"><span class='ocrx_word' id='word_1_233' title='bbox 497 3346 759 3427; x_wconf 76' lang='lat' dir='ltr'><strong><em>Schwartziuss</em></strong></span> <span class='ocrx_word' id='word_1_234' title='bbox 782 3351 944 3448; x_wconf 82' lang='lat' dir='ltr'><strong><em>„Totum</em></strong></span> <span class='ocrx_word' id='word_1_235' title='bbox 968 3350 1007 3425; x_wconf 92' lang='lat' dir='ltr'><strong><em>id</em></strong></span> <span class='ocrx_word' id='word_1_236' title='bbox 1030 3341 1192 3450; x_wconf 88' lang='lat' dir='ltr'><strong><em>equidem</em></strong></span> <span class='ocrx_word' id='word_1_237' title='bbox 1202 3339 1240 3446; x_wconf 52' lang='grc' dir='ltr'><strong><em>ά,</em></strong></span> <span class='ocrx_word' id='word_1_238' title='bbox 1262 3350 1374 3451; x_wconf 90' lang='lat' dir='ltr'><strong><em>inquit</em></strong></span> <span class='ocrx_word' id='word_1_239' title='bbox 1381 3402 1394 3445; x_wconf 93' lang='lat'><strong>,</strong></span> <span class='ocrx_word' id='word_1_240' title='bbox 1424 3348 1611 3448; x_wconf 88' lang='lat' dir='ltr'><strong><em>„ineptum</em></strong></span> <span class='ocrx_word' id='word_1_241' title='bbox 1634 3356 1744 3450; x_wconf 90' lang='lat' dir='ltr'><strong><em>puto,</em></strong></span> <span class='ocrx_word' id='word_1_242' title='bbox 1778 3347 1875 3451; x_wconf 79' lang='lat' dir='ltr'><strong><em>quod</em></strong></span> <span class='ocrx_word' id='word_1_243' title='bbox 1898 3348 1942 3423; x_wconf 87' lang='lat' dir='ltr'><strong><em>od</em></strong></span> <span class='ocrx_word' id='word_1_244' title='bbox 1965 3347 2157 3451; x_wconf 82' lang='lat' dir='ltr'><strong><em>Virgilium</em></strong></span> <span class='ocrx_word' id='word_1_245' title='bbox 2181 3345 2489 3430; x_wconf 75' lang='lat' dir='ltr'><strong><em>dehonestandum</em></strong></span> 
     </span>
     <span class='ocr_line' id='line_1_24' title="bbox 497 3453 2489 3574; baseline 0.003 -32"><span class='ocrx_word' id='word_1_246' title='bbox 497 3469 604 3565; x_wconf 85' lang='lat' dir='ltr'><strong><em>valet,</em></strong></span> <span class='ocrx_word' id='word_1_247' title='bbox 630 3493 711 3544; x_wconf 89' lang='lat' dir='ltr'><strong><em>cum</em></strong></span> <span class='ocrx_word' id='word_1_248' title='bbox 733 3477 857 3546; x_wconf 86' lang='lat' dir='ltr'><strong><em>auctor</em></strong></span> <span class='ocrx_word' id='word_1_249' title='bbox 880 3468 921 3544; x_wconf 91' lang='lat' dir='ltr'><strong><em>id</em></strong></span> <span class='ocrx_word' id='word_1_250' title='bbox 944 3467 987 3544; x_wconf 88' lang='lat' dir='ltr'><strong><em>ad</em></strong></span> <span class='ocrx_word' id='word_1_251' title='bbox 1012 3466 1134 3543; x_wconf 90' lang='lat' dir='ltr'><strong><em>laudes</em></strong></span> <span class='ocrx_word' id='word_1_252' title='bbox 1158 3467 1298 3570; x_wconf 82' lang='lat' dir='ltr'><strong><em>Virgilii</em></strong></span> <span class='ocrx_word' id='word_1_253' title='bbox 1321 3475 1562 3567; x_wconf 86' lang='lat' dir='ltr'><strong><em>comparatum</em></strong></span> <span class='ocrx_word' id='word_1_254' title='bbox 1586 3492 1666 3542; x_wconf 88' lang='lat' dir='ltr'><strong><em>esse</em></strong></span> <span class='ocrx_word' id='word_1_255' title='bbox 1690 3453 1850 3543; x_wconf 84' lang='lat' dir='ltr'><strong><em>voluerit.</em></strong></span> <span class='ocrx_word' id='word_1_256' title='bbox 1900 3466 2019 3543; x_wconf 87' lang='lat' dir='ltr'><strong><em>Tanta</em></strong></span> <span class='ocrx_word' id='word_1_257' title='bbox 2041 3468 2109 3543; x_wconf 87' lang='lat' dir='ltr'><strong><em>luit</em></strong></span> <span class='ocrx_word' id='word_1_258' title='bbox 2131 3469 2278 3556; x_wconf 88' lang='lat' dir='ltr'><strong><em>hominis</em></strong></span> <span class='ocrx_word' id='word_1_259' title='bbox 2307 3471 2489 3574; x_wconf 82' lang='lat' dir='ltr'><strong><em>insipien·</em></strong></span> 
     </span>
    </p>
   </div>
   <div class='ocr_carea' id='block_1_4' title="bbox 346 3585 2487 3691">
    <p class='ocr_par' dir='ltr' id='par_1_7' title="bbox 346 3585 2487 3691">
     <span class='ocr_line' id='line_1_25' title="bbox 346 3585 2487 3691; baseline 0.004 -31"><span class='ocrx_word' id='word_1_260' title='bbox 346 3601 349 3606; x_wconf 84' lang='grc'><strong><em>’</em></strong></span> <span class='ocrx_word' id='word_1_261' title='bbox 498 3586 551 3661; x_wconf 89' lang='lat' dir='ltr'><strong><em>tia</em></strong></span> <span class='ocrx_word' id='word_1_262' title='bbox 577 3594 614 3661; x_wconf 89' lang='lat' dir='ltr'><strong><em>et</em></strong></span> <span class='ocrx_word' id='word_1_263' title='bbox 637 3587 858 3680; x_wconf 60' lang='lat' dir='ltr'><strong><em>insulsitas‘f</em></strong></span> <span class='ocrx_word' id='word_1_264' title='bbox 906 3586 1158 3663; x_wconf 71' lang='lat' dir='ltr'><strong><em>novenarius</em></strong></span> <span class='ocrx_word' id='word_1_265' title='bbox 1180 3586 1219 3661; x_wconf 87' lang='lat' dir='ltr'><strong><em>in</em></strong></span> <span class='ocrx_word' id='word_1_266' title='bbox 1242 3592 1354 3663; x_wconf 81' lang='lat' dir='ltr'><strong><em>Ess‘oi</em></strong></span> <span class='ocrx_word' id='word_1_267' title='bbox 1377 3613 1445 3662; x_wconf 81' lang='lat' dir='ltr'><strong><em>sur</em></strong></span> <span class='ocrx_word' id='word_1_268' title='bbox 1480 3593 1518 3662; x_wconf 86' lang='lat' dir='ltr'><strong><em>lo</em></strong></span> <span class='ocrx_word' id='word_1_269' title='bbox 1543 3592 1664 3662; x_wconf 80' lang='lat' dir='ltr'><strong><em>Poeste</em></strong></span> <span class='ocrx_word' id='word_1_270' title='bbox 1689 3593 1816 3685; x_wconf 61' lang='lat' dir='ltr'><strong><em>&amp;piene</em></strong></span> <span class='ocrx_word' id='word_1_271' title='bbox 1840 3585 1951 3687; x_wconf 85' lang='lat' dir='ltr'><strong><em>Chap.</em></strong></span> <span class='ocrx_word' id='word_1_272' title='bbox 1979 3591 2016 3664; x_wconf 86' lang='lat'><strong><em>3.</em></strong></span> <span class='ocrx_word' id='word_1_273' title='bbox 2043 3586 2175 3665; x_wconf 82' lang='lat' dir='ltr'><strong><em>Oeuvr.</em></strong></span> <span class='ocrx_word' id='word_1_274' title='bbox 2209 3590 2346 3691; x_wconf 87' lang='lat' dir='ltr'><strong><em>Gompl.</em></strong></span> <span class='ocrx_word' id='word_1_275' title='bbox 2375 3591 2487 3668; x_wconf 73' lang='lat' dir='ltr'><strong><em>Touo</em></strong></span> 
     </span>
    </p>
   </div>
   <div class='ocr_carea' id='block_1_5' title="bbox 497 3700 2490 4167">
    <p class='ocr_par' dir='ltr' id='par_1_8' title="bbox 497 3700 2490 4167">
     <span class='ocr_line' id='line_1_26' title="bbox 497 3700 2490 3812; baseline 0.004 -33"><span class='ocrx_word' id='word_1_276' title='bbox 497 3703 585 3782; x_wconf 84' lang='lat' dir='ltr'><strong><em>xll.</em></strong></span> <span class='ocrx_word' id='word_1_277' title='bbox 610 3731 648 3806; x_wconf 92' lang='lat' dir='ltr'><strong><em>p.</em></strong></span> <span class='ocrx_word' id='word_1_278' title='bbox 673 3708 762 3785; x_wconf 82' lang='lat'><strong><em>345.</em></strong></span> <span class='ocrx_word' id='word_1_279' title='bbox 790 3706 894 3808; x_wconf 82' lang='lat' dir='ltr'><strong><em>(Bas.</em></strong></span> <span class='ocrx_word' id='word_1_280' title='bbox 912 3705 1042 3803; x_wconf 79' lang='lat'>1791.)</span> <span class='ocrx_word' id='word_1_281' title='bbox 1063 3704 1151 3781; x_wconf 87' lang='lat' dir='ltr'><strong><em>istos</em></strong></span> <span class='ocrx_word' id='word_1_282' title='bbox 1174 3729 1299 3780; x_wconf 86' lang='lat' dir='ltr'><strong><em>versus</em></strong></span> <span class='ocrx_word' id='word_1_283' title='bbox 1321 3730 1392 3779; x_wconf 91' lang='lat' dir='ltr'><strong><em>uon</em></strong></span> <span class='ocrx_word' id='word_1_284' title='bbox 1415 3700 1520 3779; x_wconf 90' lang='lat' dir='ltr'><strong><em>modo</em></strong></span> <span class='ocrx_word' id='word_1_285' title='bbox 1540 3704 1706 3807; x_wconf 83' lang='lat' dir='ltr'><strong><em>Augusto</em></strong></span> <span class='ocrx_word' id='word_1_286' title='bbox 1730 3703 1863 3799; x_wconf 84' lang='lat' dir='ltr'><strong><em>tribuit,</em></strong></span> <span class='ocrx_word' id='word_1_287' title='bbox 1881 3730 2010 3780; x_wconf 86' lang='lat' dir='ltr'><strong><em>verum</em></strong></span> <span class='ocrx_word' id='word_1_288' title='bbox 2034 3707 2138 3782; x_wconf 88' lang='lat' dir='ltr'><strong><em>etiam</em></strong></span> <span class='ocrx_word' id='word_1_289' title='bbox 2156 3733 2372 3811; x_wconf 87' lang='lat' dir='ltr'><strong><em>magnopere</em></strong></span> <span class='ocrx_word' id='word_1_290' title='bbox 2395 3735 2490 3812; x_wconf 85' lang='lat' dir='ltr'><strong><em>pro-</em></strong></span> 
     </span>
     <span class='ocr_line' id='line_1_27' title="bbox 498 3822 2490 3925; baseline 0.002 -26"><span class='ocrx_word' id='word_1_291' title='bbox 498 3822 561 3900; x_wconf 85' lang='lat' dir='ltr'><strong><em>bat</em></strong></span> <span class='ocrx_word' id='word_1_292' title='bbox 578 3823 751 3902; x_wconf 82' lang='lat' dir='ltr'><strong><em>scribens:</em></strong></span> <span class='ocrx_word' id='word_1_293' title='bbox 773 3835 849 3921; x_wconf 79' lang='lat' dir='ltr'><strong><em>„tls</em></strong></span> <span class='ocrx_word' id='word_1_294' title='bbox 876 3828 1109 3902; x_wconf 79' lang='lat' dir='ltr'><strong><em>sont&#39;deono·</em></strong></span> <span class='ocrx_word' id='word_1_295' title='bbox 1130 3837 1166 3900; x_wconf 85' lang='lat' dir='ltr'><strong><em>et</em></strong></span> <span class='ocrx_word' id='word_1_296' title='bbox 1186 3826 1361 3901; x_wconf 81' lang='lat' dir='ltr'><strong><em>senrdlent</em></strong></span> <span class='ocrx_word' id='word_1_297' title='bbox 1382 3829 1506 3920; x_wconf 77' lang='lat' dir='ltr'><strong><em>partie</em></strong></span> <span class='ocrx_word' id='word_1_298' title='bbox 1530 3827 1581 3899; x_wconf 83' lang='lat' dir='ltr'><strong><em>dn</em></strong></span> <span class='ocrx_word' id='word_1_299' title='bbox 1609 3826 1766 3900; x_wconf 85' lang='lat' dir='ltr'><strong><em>eocnr.“·</em></strong></span> <span class='ocrx_word' id='word_1_300' title='bbox 1817 3824 1873 3899; x_wconf 84' lang='lat' dir='ltr'><strong><em>Dc</em></strong></span> <span class='ocrx_word' id='word_1_301' title='bbox 1898 3850 1968 3925; x_wconf 90' lang='lat' dir='ltr'><strong><em>quo</em></strong></span> <span class='ocrx_word' id='word_1_302' title='bbox 1986 3824 2119 3924; x_wconf 86' lang='lat' dir='ltr'><strong><em>judicio</em></strong></span> <span class='ocrx_word' id='word_1_303' title='bbox 2145 3825 2232 3902; x_wconf 86' lang='lat' dir='ltr'><strong><em>scite</em></strong></span> <span class='ocrx_word' id='word_1_304' title='bbox 2253 3828 2417 3923; x_wconf 80' lang='lat' dir='ltr'><strong><em>Heyuius</em></strong></span> <span class='ocrx_word' id='word_1_305' title='bbox 2441 3827 2490 3905; x_wconf 87' lang='lat' dir='ltr'><strong><em>ad</em></strong></span> 
     </span>
     <span class='ocr_line' id='line_1_28' title="bbox 498 3924 2488 4050; baseline 0.003 -31"><span class='ocrx_word' id='word_1_306' title='bbox 498 3942 632 4019; x_wconf 86' lang='lat' dir='ltr'><strong><em>Donati</em></strong></span> <span class='ocrx_word' id='word_1_307' title='bbox 654 3944 723 4020; x_wconf 91' lang='lat' dir='ltr'><strong><em>Vit.</em></strong></span> <span class='ocrx_word' id='word_1_308' title='bbox 751 3943 887 4048; x_wconf 81' lang='lat' dir='ltr'><strong><em>Virgilii</em></strong></span> <span class='ocrx_word' id='word_1_309' title='bbox 909 3945 934 4020; x_wconf 88' lang='lat' dir='ltr'><strong><em>l.</em></strong></span> <span class='ocrx_word' id='word_1_310' title='bbox 960 3968 993 4020; x_wconf 93' lang='lat' dir='ltr'><strong><em>c.</em></strong></span> <span class='ocrx_word' id='word_1_311' title='bbox 1016 3942 1084 4017; x_wconf 75' lang='lat' dir='ltr'><strong><em>ain</em></strong></span> <span class='ocrx_word' id='word_1_312' title='bbox 1107 3941 1189 4038; x_wconf 84' lang='lat' dir='ltr'><strong><em>„lta</em></strong></span> <span class='ocrx_word' id='word_1_313' title='bbox 1203 3939 1321 4036; x_wconf 87' lang='lat' dir='ltr'><strong><em>vides,</em></strong></span> <span class='ocrx_word' id='word_1_314' title='bbox 1354 3938 1402 4014; x_wconf 92' lang='lat' dir='ltr'><strong><em>ad</em></strong></span> <span class='ocrx_word' id='word_1_315' title='bbox 1427 3965 1554 4014; x_wconf 87' lang='lat' dir='ltr'><strong><em>verum</em></strong></span> <span class='ocrx_word' id='word_1_316' title='bbox 1575 3943 1779 4042; x_wconf 86' lang='lat' dir='ltr'><strong><em>pulcrarum</em></strong></span> <span class='ocrx_word' id='word_1_317' title='bbox 1801 3924 2069 4018; x_wconf 78' lang='lat' dir='ltr'><strong><em>sententiarum¹</em></strong></span> <span class='ocrx_word' id='word_1_318' title='bbox 2082 3969 2226 4022; x_wconf 87' lang='lat' dir='ltr'><strong><em>sensum</em></strong></span> <span class='ocrx_word' id='word_1_319' title='bbox 2251 3954 2287 4023; x_wconf 89' lang='lat' dir='ltr'><strong><em>et</em></strong></span> <span class='ocrx_word' id='word_1_320' title='bbox 2304 3943 2488 4050; x_wconf 74' lang='lat' dir='ltr'><strong><em>Judieium</em></strong></span> 
     </span>
     <span class='ocr_line' id='line_1_29' title="bbox 501 4057 2004 4167; baseline -0.005 -29"><span class='ocrx_word' id='word_1_321' title='bbox 501 4063 672 4141; x_wconf 85' lang='lat' dir='ltr'><strong><em>sermonis</em></strong></span> <span class='ocrx_word' id='word_1_322' title='bbox 694 4062 959 4167; x_wconf 80' lang='lat' dir='ltr'><strong><em>intelligentiam</em></strong></span> <span class='ocrx_word' id='word_1_323' title='bbox 983 4062 1138 4162; x_wconf 88' lang='lat' dir='ltr'><strong><em>aliquam</em></strong></span> <span class='ocrx_word' id='word_1_324' title='bbox 1161 4084 1241 4135; x_wconf 89' lang='lat' dir='ltr'><strong><em>esse</em></strong></span> <span class='ocrx_word' id='word_1_325' title='bbox 1263 4057 1544 4136; x_wconf 85' lang='lat' dir='ltr'><strong><em>neeessariaml“</em></strong></span> <span class='ocrx_word' id='word_1_326' title='bbox 2000 4103 2004 4108; x_wconf 88' lang='lat'><em>-</em></span> 
     </span>
    </p>
   </div>
   <div class='ocr_carea' id='block_1_6' title="bbox 1254 4269 1555 4429">
    <p class='ocr_par' dir='ltr' id='par_1_9' title="bbox 1254 4269 1555 4429">
     <span class='ocr_line' id='line_1_30' title="bbox 1254 4269 1555 4429; baseline -0.003 -18"><span class='ocrx_word' id='word_1_327' title='bbox 1254 4364 1257 4368; x_wconf 56' lang='lat'>&gt;</span> <span class='ocrx_word' id='word_1_328' title='bbox 1402 4269 1555 4429; x_wconf 61' lang='lat' dir='ltr'><strong><em>sse.</em></strong></span> 
     </span>
    </p>
   </div>
   <div class='ocr_carea' id='block_1_7' title="bbox 501 4486 2548 5664">
    <p class='ocr_par' dir='ltr' id='par_1_10' title="bbox 501 4486 2548 5664">
     <span class='ocr_line' id='line_1_31' title="bbox 656 4486 2494 4596; baseline 0.003 -32"><span class='ocrx_word' id='word_1_329' title='bbox 656 4486 735 4564; x_wconf 78' lang='lat' dir='ltr'><strong><em>usi</em></strong></span> <span class='ocrx_word' id='word_1_330' title='bbox 757 4488 953 4591; x_wconf 77' lang='lat' dir='ltr'><strong><em>Augustus,</em></strong></span> <span class='ocrx_word' id='word_1_331' title='bbox 978 4496 1017 4563; x_wconf 90' lang='lat' dir='ltr'><strong><em>ut</em></strong></span> <span class='ocrx_word' id='word_1_332' title='bbox 1039 4488 1134 4591; x_wconf 88' lang='lat' dir='ltr'><strong><em>apud</em></strong></span> <span class='ocrx_word' id='word_1_333' title='bbox 1158 4489 1367 4567; x_wconf 87' lang='lat' dir='ltr'><strong><em>Suetonium</em></strong></span> <span class='ocrx_word' id='word_1_334' title='bbox 1389 4515 1420 4568; x_wconf 86' lang='lat' dir='ltr'><strong><em>c.</em></strong></span> <span class='ocrx_word' id='word_1_335' title='bbox 1445 4493 1509 4568; x_wconf 83' lang='grc'><strong><em>89.</em></strong></span> <span class='ocrx_word' id='word_1_336' title='bbox 1532 4490 1700 4593; x_wconf 83' lang='lat' dir='ltr'><strong><em>legimus,</em></strong></span> <span class='ocrx_word' id='word_1_337' title='bbox 1724 4489 2048 4596; x_wconf 45' lang='lat' dir='ltr'><strong><em>linguaogGraeeae</em></strong></span> <span class='ocrx_word' id='word_1_338' title='bbox 2070 4515 2141 4565; x_wconf 90' lang='lat' dir='ltr'><strong><em>nou</em></strong></span> <span class='ocrx_word' id='word_1_339' title='bbox 2163 4490 2218 4566; x_wconf 90' lang='lat' dir='ltr'><strong><em>ita</em></strong></span> <span class='ocrx_word' id='word_1_340' title='bbox 2241 4489 2380 4592; x_wconf 76' lang='lat' dir='ltr'><strong><em>peritus</em></strong></span> <span class='ocrx_word' id='word_1_341' title='bbox 2401 4503 2494 4592; x_wconf 81' lang='lat' dir='ltr'><strong><em>erat,</em></strong></span> 
     </span>
     <span class='ocr_line' id='line_1_32' title="bbox 502 4607 2495 4711; baseline 0.005 -34"><span class='ocrx_word' id='word_1_342' title='bbox 502 4612 544 4677; x_wconf 91' lang='lat' dir='ltr'><strong><em>ut</em></strong></span> <span class='ocrx_word' id='word_1_343' title='bbox 567 4611 628 4679; x_wconf 88' lang='lat' dir='ltr'><strong><em>aut</em></strong></span> <span class='ocrx_word' id='word_1_344' title='bbox 652 4608 855 4708; x_wconf 87' lang='lat' dir='ltr'><strong><em>loqueretur</em></strong></span> <span class='ocrx_word' id='word_1_345' title='bbox 878 4607 1048 4709; x_wconf 86' lang='lat' dir='ltr'><strong><em>expedite</em></strong></span> <span class='ocrx_word' id='word_1_346' title='bbox 1070 4617 1130 4684; x_wconf 92' lang='lat' dir='ltr'><strong><em>aut</em></strong></span> <span class='ocrx_word' id='word_1_347' title='bbox 1153 4634 1363 4709; x_wconf 87' lang='lat' dir='ltr'><strong><em>componere</em></strong></span> <span class='ocrx_word' id='word_1_348' title='bbox 1390 4609 1521 4711; x_wconf 88' lang='lat' dir='ltr'><strong><em>aliquid</em></strong></span> <span class='ocrx_word' id='word_1_349' title='bbox 1542 4608 1710 4703; x_wconf 83' lang='lat' dir='ltr'><strong><em>auderet3</em></strong></span> <span class='ocrx_word' id='word_1_350' title='bbox 1743 4616 1860 4685; x_wconf 89' lang='lat' dir='ltr'><strong><em>tomen</em></strong></span> <span class='ocrx_word' id='word_1_351' title='bbox 1880 4609 2017 4693; x_wconf 76' lang='lat' dir='ltr'><strong><em>idoneis</em></strong></span> <span class='ocrx_word' id='word_1_352' title='bbox 2046 4609 2260 4710; x_wconf 82' lang='lat' dir='ltr'><strong><em>scriptorum</em></strong></span> <span class='ocrx_word' id='word_1_353' title='bbox 2280 4611 2495 4690; x_wconf 86' lang='lat' dir='ltr'><strong><em>testimoniis</em></strong></span> 
     </span>
     <span class='ocr_line' id='line_1_33' title="bbox 504 4723 2493 4830; baseline 0.006 -33"><span class='ocrx_word' id='word_1_354' title='bbox 504 4725 681 4825; x_wconf 84' lang='lat' dir='ltr'><strong><em>cognitum</em></strong></span> <span class='ocrx_word' id='word_1_355' title='bbox 703 4725 890 4822; x_wconf 87' lang='lat' dir='ltr'><strong><em>habemus,</em></strong></span> <span class='ocrx_word' id='word_1_356' title='bbox 923 4753 1006 4802; x_wconf 82' lang='lat' dir='ltr'><strong><em>euru</em></strong></span> <span class='ocrx_word' id='word_1_357' title='bbox 1040 4753 1107 4828; x_wconf 90' lang='lat' dir='ltr'><strong><em>por</em></strong></span> <span class='ocrx_word' id='word_1_358' title='bbox 1142 4729 1361 4803; x_wconf 80' lang='lat' dir='ltr'><strong><em>occasionem</em></strong></span> <span class='ocrx_word' id='word_1_359' title='bbox 1383 4730 1546 4803; x_wconf 86' lang='lat' dir='ltr'><strong><em>lusumve</em></strong></span> <span class='ocrx_word' id='word_1_360' title='bbox 1569 4726 1658 4803; x_wconf 88' lang='lat' dir='ltr'><strong><em>odeo</em></strong></span> <span class='ocrx_word' id='word_1_361' title='bbox 1686 4752 1808 4803; x_wconf 87' lang='lat' dir='ltr'><strong><em>versus</em></strong></span> <span class='ocrx_word' id='word_1_362' title='bbox 1831 4727 1988 4806; x_wconf 81' lang='lat' dir='ltr'><strong><em>Gmeoos</em></strong></span> <span class='ocrx_word' id='word_1_363' title='bbox 2019 4731 2074 4804; x_wconf 86' lang='lat' dir='ltr'><strong><em>vel</em></strong></span> <span class='ocrx_word' id='word_1_364' title='bbox 2100 4723 2329 4830; x_wconf 63' lang='lat' dir='ltr'><strong><em>ex&#39;tempore</em></strong></span> <span class='ocrx_word' id='word_1_365' title='bbox 2351 4729 2493 4808; x_wconf 81' lang='lat' dir='ltr'><strong><em>iecisse.</em></strong></span> 
     </span>
     <span class='ocr_line' id='line_1_34' title="bbox 501 4839 2495 4944; baseline 0.005 -27"><span class='ocrx_word' id='word_1_366' title='bbox 501 4839 591 4943; x_wconf 86' lang='lat' dir='ltr'><strong><em>Ejus</em></strong></span> <span class='ocrx_word' id='word_1_367' title='bbox 612 4844 666 4918; x_wconf 88' lang='lat' dir='ltr'><strong><em>rei</em></strong></span> <span class='ocrx_word' id='word_1_368' title='bbox 689 4842 940 4922; x_wconf 81' lang='lat' dir='ltr'><strong><em>documentum</em></strong></span> <span class='ocrx_word' id='word_1_369' title='bbox 963 4853 1142 4923; x_wconf 83' lang='lat' dir='ltr'><strong><em>servatum</em></strong></span> <span class='ocrx_word' id='word_1_370' title='bbox 1165 4846 1268 4922; x_wconf 89' lang='lat' dir='ltr'><strong><em>nobis</em></strong></span> <span class='ocrx_word' id='word_1_371' title='bbox 1290 4853 1346 4921; x_wconf 91' lang='lat' dir='ltr'><strong><em>est</em></strong></span> <span class='ocrx_word' id='word_1_372' title='bbox 1372 4870 1394 4920; x_wconf 86' lang='lat' dir='ltr'><strong><em>a</em></strong></span> <span class='ocrx_word' id='word_1_373' title='bbox 1418 4846 1600 4922; x_wconf 79' lang='lat' dir='ltr'><strong><em>dlocrohio</em></strong></span> <span class='ocrx_word' id='word_1_374' title='bbox 1624 4843 1701 4923; x_wconf 74' lang='lat' dir='ltr'><strong><em>saa</em></strong></span> <span class='ocrx_word' id='word_1_375' title='bbox 1725 4845 1827 4923; x_wconf 84' lang='lat' dir='ltr'><strong><em>Lihr.</em></strong></span> <span class='ocrx_word' id='word_1_376' title='bbox 1849 4847 1899 4922; x_wconf 94' lang='grc' dir='ltr'><strong><em>Π.</em></strong></span> <span class='ocrx_word' id='word_1_377' title='bbox 1921 4872 1952 4923; x_wconf 91' lang='grc' dir='ltr'><strong><em>ο.</em></strong></span> <span class='ocrx_word' id='word_1_378' title='bbox 1975 4851 2034 4924; x_wconf 63' lang='lat' dir='ltr'><strong><em>dee</em></strong></span> <span class='ocrx_word' id='word_1_379' title='bbox 2069 4845 2242 4944; x_wconf 87' lang='lat' dir='ltr'><strong><em>„Solebat</em></strong></span> <span class='ocrx_word' id='word_1_380' title='bbox 2263 4839 2495 4926; x_wconf 88' lang='lat' dir='ltr'><strong><em>descendenti</em></strong></span> 
     </span>
     <span class='ocr_line' id='line_1_35' title="bbox 503 4959 2496 5071; baseline 0.006 -37"><span class='ocrx_word' id='word_1_381' title='bbox 503 4959 539 5034; x_wconf 86' lang='lat' dir='ltr'><strong><em>a</em></strong></span> <span class='ocrx_word' id='word_1_382' title='bbox 550 4963 678 5063; x_wconf 86' lang='lat' dir='ltr'><strong><em>palatio</em></strong></span> <span class='ocrx_word' id='word_1_383' title='bbox 696 4963 842 5040; x_wconf 83' lang='lat' dir='ltr'><strong><em>Caesari</em></strong></span> <span class='ocrx_word' id='word_1_384' title='bbox 874 4963 1103 5041; x_wconf 82' lang='lat' dir='ltr'><strong><em>honorificum</em></strong></span> <span class='ocrx_word' id='word_1_385' title='bbox 1138 4964 1281 5067; x_wconf 84' lang='lat' dir='ltr'><strong><em>aliquod</em></strong></span> <span class='ocrx_word' id='word_1_386' title='bbox 1315 4964 1534 5067; x_wconf 87' lang='lat' dir='ltr'><strong><em>epigramma</em></strong></span> <span class='ocrx_word' id='word_1_387' title='bbox 1561 4963 1742 5068; x_wconf 85' lang='lat' dir='ltr'><strong><em>porrigere</em></strong></span> <span class='ocrx_word' id='word_1_388' title='bbox 1768 4962 1978 5044; x_wconf 80' lang='lat' dir='ltr'><strong><em>Graeculus.</em></strong></span> <span class='ocrx_word' id='word_1_389' title='bbox 2026 4964 2074 5042; x_wconf 89' lang='lat' dir='ltr'><strong><em>Id</em></strong></span> <span class='ocrx_word' id='word_1_390' title='bbox 2104 4992 2185 5042; x_wconf 90' lang='lat' dir='ltr'><strong><em>cum</em></strong></span> <span class='ocrx_word' id='word_1_391' title='bbox 2215 4964 2350 5043; x_wconf 80' lang='lat' dir='ltr'><strong><em>frustra</em></strong></span> <span class='ocrx_word' id='word_1_392' title='bbox 2380 4993 2496 5071; x_wconf 79' lang='lat' dir='ltr'><strong><em>saepe</em></strong></span> 
     </span>
     <span class='ocr_line' id='line_1_36' title="bbox 502 5079 2495 5186; baseline 0.005 -31"><span class='ocrx_word' id='word_1_393' title='bbox 502 5079 671 5179; x_wconf 79' lang='lat' dir='ltr'><strong><em>lecisset,</em></strong></span> <span class='ocrx_word' id='word_1_394' title='bbox 700 5108 917 5184; x_wconf 80' lang='lat' dir='ltr'><strong><em>rursumque</em></strong></span> <span class='ocrx_word' id='word_1_395' title='bbox 944 5084 1147 5159; x_wconf 87' lang='lat' dir='ltr'><strong><em>cumidem</em></strong></span> <span class='ocrx_word' id='word_1_396' title='bbox 1170 5084 1347 5160; x_wconf 86' lang='lat' dir='ltr'><strong><em>facturum</em></strong></span> <span class='ocrx_word' id='word_1_397' title='bbox 1367 5083 1511 5159; x_wconf 86' lang='lat' dir='ltr'><strong><em>vidisset</em></strong></span> <span class='ocrx_word' id='word_1_398' title='bbox 1534 5081 1741 5186; x_wconf 80' lang='lat' dir='ltr'><strong><em>Augustus,</em></strong></span> <span class='ocrx_word' id='word_1_399' title='bbox 1775 5084 1886 5160; x_wconf 86' lang='lat' dir='ltr'><strong><em>breve</em></strong></span> <span class='ocrx_word' id='word_1_400' title='bbox 1905 5110 1972 5161; x_wconf 88' lang='lat' dir='ltr'><strong><em>sua</em></strong></span> <span class='ocrx_word' id='word_1_401' title='bbox 1995 5111 2103 5160; x_wconf 84' lang='lat' dir='ltr'><strong><em>manu</em></strong></span> <span class='ocrx_word' id='word_1_402' title='bbox 2122 5085 2161 5163; x_wconf 89' lang='lat' dir='ltr'><strong><em>iu</em></strong></span> <span class='ocrx_word' id='word_1_403' title='bbox 2186 5086 2306 5162; x_wconf 86' lang='lat' dir='ltr'><strong><em>charta</em></strong></span> <span class='ocrx_word' id='word_1_404' title='bbox 2329 5090 2495 5165; x_wconf 81' lang='lat' dir='ltr'><strong><em>exaravit</em></strong></span> 
     </span>
     <span class='ocr_line' id='line_1_37' title="bbox 503 5195 2495 5308; baseline 0.005 -32"><span class='ocrx_word' id='word_1_405' title='bbox 503 5198 678 5277; x_wconf 85' lang='lat' dir='ltr'><strong><em>Graecum</em></strong></span> <span class='ocrx_word' id='word_1_406' title='bbox 706 5201 942 5305; x_wconf 77' lang='lat' dir='ltr'><strong><em>epigramma:</em></strong></span> <span class='ocrx_word' id='word_1_407' title='bbox 975 5202 1135 5304; x_wconf 87' lang='lat' dir='ltr'><strong><em>pergenti</em></strong></span> <span class='ocrx_word' id='word_1_408' title='bbox 1169 5201 1296 5279; x_wconf 90' lang='lat' dir='ltr'><strong><em>deiude</em></strong></span> <span class='ocrx_word' id='word_1_409' title='bbox 1323 5200 1370 5278; x_wconf 91' lang='lat' dir='ltr'><strong><em>ad</em></strong></span> <span class='ocrx_word' id='word_1_410' title='bbox 1402 5229 1442 5278; x_wconf 91' lang='lat' dir='ltr'><strong><em>se</em></strong></span> <span class='ocrx_word' id='word_1_411' title='bbox 1477 5195 1618 5279; x_wconf 83' lang='lat' dir='ltr'><strong><em>obviam</em></strong></span> <span class='ocrx_word' id='word_1_412' title='bbox 1642 5202 1751 5280; x_wconf 88' lang='lat' dir='ltr'><strong><em>misit.</em></strong></span> <span class='ocrx_word' id='word_1_413' title='bbox 1802 5203 1866 5278; x_wconf 91' lang='lat' dir='ltr'><strong><em>Ille</em></strong></span> <span class='ocrx_word' id='word_1_414' title='bbox 1892 5202 2045 5308; x_wconf 86' lang='lat' dir='ltr'><strong><em>legendo</em></strong></span> <span class='ocrx_word' id='word_1_415' title='bbox 2065 5203 2236 5300; x_wconf 85' lang='lat' dir='ltr'><strong><em>laudore3</em></strong></span> <span class='ocrx_word' id='word_1_416' title='bbox 2271 5206 2392 5282; x_wconf 72' lang='lat' dir='ltr'><strong><em>mimi</em></strong></span> <span class='ocrx_word' id='word_1_417' title='bbox 2417 5218 2495 5286; x_wconf 67' lang='lat' dir='ltr'><strong><em>mm</em></strong></span> 
     </span>
     <span class='ocr_line' id='line_1_38' title="bbox 502 5319 2548 5427; baseline 0.001 -34"><span class='ocrx_word' id='word_1_418' title='bbox 502 5344 609 5418; x_wconf 83' lang='lat' dir='ltr'><strong><em>voce,</em></strong></span> <span class='ocrx_word' id='word_1_419' title='bbox 635 5346 743 5423; x_wconf 88' lang='lat' dir='ltr'><strong><em>quam</em></strong></span> <span class='ocrx_word' id='word_1_420' title='bbox 769 5323 880 5399; x_wconf 83' lang='lat' dir='ltr'><strong><em>vultu.</em></strong></span> <span class='ocrx_word' id='word_1_421' title='bbox 932 5319 1090 5422; x_wconf 83' lang='lat' dir='ltr'><strong><em>Cumque</em></strong></span> <span class='ocrx_word' id='word_1_422' title='bbox 1121 5322 1324 5398; x_wconf 86' lang='lat' dir='ltr'><strong><em>accessisset</em></strong></span> <span class='ocrx_word' id='word_1_423' title='bbox 1348 5321 1393 5396; x_wconf 89' lang='lat' dir='ltr'><strong><em>ad</em></strong></span> <span class='ocrx_word' id='word_1_424' title='bbox 1417 5324 1563 5418; x_wconf 90' lang='lat' dir='ltr'><strong><em>sellam,</em></strong></span> <span class='ocrx_word' id='word_1_425' title='bbox 1596 5319 1749 5398; x_wconf 80' lang='lat' dir='ltr'><strong><em>dormssa</em></strong></span> <span class='ocrx_word' id='word_1_426' title='bbox 1768 5322 1808 5397; x_wconf 92' lang='lat' dir='ltr'><strong><em>iu</em></strong></span> <span class='ocrx_word' id='word_1_427' title='bbox 1830 5348 2023 5424; x_wconf 88' lang='lat' dir='ltr'><strong><em>pauperem</em></strong></span> <span class='ocrx_word' id='word_1_428' title='bbox 2045 5323 2189 5399; x_wconf 84' lang='lat' dir='ltr'><strong><em>lundam</em></strong></span> <span class='ocrx_word' id='word_1_429' title='bbox 2213 5350 2333 5422; x_wconf 87' lang='lat' dir='ltr'><strong><em>mann,</em></strong></span> <span class='ocrx_word' id='word_1_430' title='bbox 2355 5351 2493 5427; x_wconf 74' lang='lat' dir='ltr'><strong><em>panem</em></strong></span> <span class='ocrx_word' id='word_1_431' title='bbox 2543 5388 2548 5396; x_wconf 93' lang='lat'><strong><em>.</em></strong></span> 
     </span>
     <span class='ocr_line' id='line_1_39' title="bbox 503 5434 2494 5547; baseline 0.001 -37"><span class='ocrx_word' id='word_1_432' title='bbox 503 5434 666 5514; x_wconf 86' lang='lat' dir='ltr'><strong><em>denarios</em></strong></span> <span class='ocrx_word' id='word_1_433' title='bbox 688 5441 855 5540; x_wconf 88' lang='lat' dir='ltr'><strong><em>protulit,</em></strong></span> <span class='ocrx_word' id='word_1_434' title='bbox 873 5461 972 5541; x_wconf 78' lang='lat' dir='ltr'><strong><em>,quos</em></strong></span> <span class='ocrx_word' id='word_1_435' title='bbox 998 5440 1145 5541; x_wconf 87' lang='lat' dir='ltr'><strong><em>principi</em></strong></span> <span class='ocrx_word' id='word_1_436' title='bbox 1167 5439 1278 5516; x_wconf 72' lang='lat' dir='ltr'><strong><em>daret</em></strong></span> <span class='ocrx_word' id='word_1_437' title='bbox 1328 5437 1501 5541; x_wconf 78' lang='lat' dir='ltr'><strong><em>Adjeetus</em></strong></span> <span class='ocrx_word' id='word_1_438' title='bbox 1525 5440 1737 5517; x_wconf 80' lang='lat' dir='ltr'><strong><em>hicsermo:</em></strong></span> <span class='ocrx_word' id='word_1_439' title='bbox 1763 5437 1835 5537; x_wconf 80' lang='grc' dir='ltr'><strong><em>Μὴ</em></strong></span> <span class='ocrx_word' id='word_1_440' title='bbox 1864 5436 1963 5516; x_wconf 77' lang='grc' dir='ltr'><strong><em>κατὰ</em></strong></span> <span class='ocrx_word' id='word_1_441' title='bbox 1991 5438 2064 5539; x_wconf 82' lang='grc' dir='ltr'><strong><em>τὴν</em></strong></span> <span class='ocrx_word' id='word_1_442' title='bbox 2087 5440 2210 5540; x_wconf 79' lang='grc' dir='ltr'><strong><em>τύχην</em></strong></span> <span class='ocrx_word' id='word_1_443' title='bbox 2235 5439 2330 5540; x_wconf 77' lang='grc' dir='ltr'><strong><em>σὴν,</em></strong></span> <span class='ocrx_word' id='word_1_444' title='bbox 2357 5447 2494 5547; x_wconf 71' lang='grc' dir='ltr'><strong><em>Σοβα.</em></strong></span> 
     </span>
     <span class='ocr_line' id='line_1_40' title="bbox 506 5554 2529 5664; baseline 0.006 -35"><span class='ocrx_word' id='word_1_445' title='bbox 506 5554 585 5632; x_wconf 80' lang='grc' dir='ltr'><strong><em>στέ·</em></strong></span> <span class='ocrx_word' id='word_1_446' title='bbox 617 5559 650 5632; x_wconf 82' lang='lat' dir='ltr'><strong><em>el</em></strong></span> <span class='ocrx_word' id='word_1_447' title='bbox 674 5556 786 5636; x_wconf 78' lang='grc' dir='ltr'><strong><em>πλέον</em></strong></span> <span class='ocrx_word' id='word_1_448' title='bbox 820 5556 942 5658; x_wconf 78' lang='grc' dir='ltr'><strong><em>εἶχον,</em></strong></span> <span class='ocrx_word' id='word_1_449' title='bbox 976 5557 1089 5635; x_wconf 76' lang='grc' dir='ltr'><strong><em>πλέον</em></strong></span> <span class='ocrx_word' id='word_1_450' title='bbox 1123 5554 1287 5635; x_wconf 72' lang='grc' dir='ltr'><strong><em>ἐδίδουν.</em></strong></span> <span class='ocrx_word' id='word_1_451' title='bbox 1339 5555 1469 5637; x_wconf 82' lang='lat' dir='ltr'><strong><em>Secuto</em></strong></span> <span class='ocrx_word' id='word_1_452' title='bbox 1495 5555 1651 5637; x_wconf 83' lang='lat' dir='ltr'><strong><em>omnium</em></strong></span> <span class='ocrx_word' id='word_1_453' title='bbox 1675 5562 1771 5651; x_wconf 88' lang='lat' dir='ltr'><strong><em>risu,</em></strong></span> <span class='ocrx_word' id='word_1_454' title='bbox 1804 5559 2079 5662; x_wconf 82' lang='lat' dir='ltr'><strong><em>dispensatorem</em></strong></span> <span class='ocrx_word' id='word_1_455' title='bbox 2106 5561 2238 5640; x_wconf 81' lang='lat' dir='ltr'><strong><em>Caesar</em></strong></span> <span class='ocrx_word' id='word_1_456' title='bbox 2260 5564 2423 5664; x_wconf 76' lang='lat' dir='ltr'><strong><em>meavit,</em></strong></span> <span class='ocrx_word' id='word_1_457' title='bbox 2456 5575 2496 5642; x_wconf 86' lang='lat' dir='ltr'><strong><em>et</em></strong></span> <span class='ocrx_word' id='word_1_458' title='bbox 2525 5643 2529 5652; x_wconf 78' lang='grc'><strong>,</strong></span> 
     </span>
    </p>
   </div>
   <div class='ocr_carea' id='block_1_8' title="bbox 0 0 2874 6564">
    <p class='ocr_par' dir='ltr' id='par_1_11' title="bbox 0 0 2874 6564">
     <span class='ocr_line' id='line_1_41' title="bbox 0 0 2874 6564; baseline 0 0"><span class='ocrx_word' id='word_1_459' title='bbox 0 0 2874 6564; x_wconf 95' lang='lat' dir='ltr'><strong><em> </em></strong></span> 
     </span>
    </p>
   </div>
  </div>
 </body>
</html>
