5717 6575
955 599 1743 691 eorummusourmsacsuuous.
2308 607 2359 689 51

369 783 479 883 οὗτος
503 788 547 874 dl
569 789 733 893 προέστη
765 794 834 889 τῆς
852 786 1040 895 πολιτείας
1046 840 1063 878 ,
1105 787 1374 888 διαδεξάμενος
1405 786 1477 868 τδν
1494 785 1800 890 Ἀθηνόδωρον,
1838 784 1905 866 καὶ
1934 786 2114 865 διετέλεσε
2146 786 2360 891 τιμώμενος

366 908 472 1016 παρά
491 937 534 991 τι
554 915 635 995 ταῖς
655 906 826 1014 ἡγεμόσι,
849 906 916 987 καί
939 909 981 987 ἐν
1004 915 1052 1008 τῇ
1078 903 1196 988 πόλει.
1244 909 1336 987 Ιιιδο
1359 911 1476 987 nescio
1499 936 1545 987 an
1570 936 1651 986 oum
1676 911 1792 1011 aliqua
1816 907 2059 1011 probabilitate
2093 911 2207 1009 colligi
2233 912 2360 1013 possit,

365 1032 557 1115 Nestorem
579 1031 682 1107 illum
702 1036 796 1107 certe
819 1037 902 1106 ante
925 1054 960 1107 a.
979 1030 1028 1106 11.
1050 1028 1093 1106 C.
1116 1035 1207 1109 731.
1229 1056 1262 1109 s.
1288 1034 1376 1126 23„
1409 1055 1481 1132 quo
1506 1054 1600 1105 anno
1618 1029 1809 1105 Marccllus
1830 1030 1973 1129 juvenis
1996 1034 2219 1131 praematura
2245 1039 2360 1109 morte

365 1153 563 1233 exstinctus
584 1157 658 1247 est,
681 1148 911 1226 Athenodoro
933 1146 1126 1225 succedere
1147 1175 1220 1226 non
1242 1150 1428 1250 potuisses
1467 1148 1539 1226 vid.
1564 1149 1769 1226 Perizonius
1796 1148 1844 1222 ud
1866 1149 2004 1225 Aeliani
2027 1148 2113 1225 Ver.
2137 1151 2232 1227 llist.
2257 1150 2361 1231 Libr.

364 1270 458 1355 ΧΠ.
480 1297 511 1347 ο.
535 1272 599 1347 25.
649 1268 725 1346 Sed
747 1270 899 1344 certiora
922 1294 1122 1370 sequamur.
1173 1266 1356 1344 Lucienus
1385 1267 1480 1345 bona
1512 1294 1595 1344 cum
1624 1266 1694 1342 lide
1725 1267 1852 1365 tradit,
1898 1267 2169 1344 Athenodorum
2201 1271 2240 1344 in
2268 1271 2357 1349 urhe

366 1390 484 1467 Tarso
507 1387 604 1464 diem
628 1414 833 1490 supremum
857 1387 988 1463 obiisse
1011 1386 1082 1461 duo
1103 1393 1146 1461 et*
1161 1388 1340 1490 octoginta
1366 1414 1477 1463 annos
1501 1395 1645 1483 natum,
1670 1393 1707 1461 et
1729 1387 1945 1483 Tarsenses,
1976 1387 2021 1462 oh
2044 1388 2199 1488 ingentia
2222 1392 2298 1489 ejus
2319 1391 2360 1468 in

366 1509 542 1589 deitatem
564 1507 708 1602 merita,
741 1509 774 1582 ei
796 1514 880 1607 post
905 1514 1057 1582 mortem
1081 1512 1262 1607 tamquam
1280 1506 1382 1584 heroi
1408 1510 1548 1604 σωτῆρι
1569 1506 1760 1582 instituisse
1779 1504 1891 1602 τιμὰς
1916 1506 2024 1581 θεῶν
2052 1533 2187 1609 easque
2207 1535 2272 1584 sua
2293 1510 2361 1585 ad·

365 1628 438 1709 huo
461 1634 579 1705 aetate
599 1627 782 1729 quotannis
803 1624 946 1701 hahere.
1003 1625 1085 1701 Non
1108 1626 1233 1701 inscite
1256 1626 1325 1700 Dio
1352 1625 1625 1721 chrysostomus
1647 1625 1687 1699 in
1711 1624 1812 1702 Orat.
1835 1626 1984 1700 Tursica
2007 1625 2037 1700 Ι.
2060 1626 2140 1702 Vol.
2161 1628 2210 1703 Π.
2234 1656 2271 1728 ρ.
2297 1635 2361 1708 24.

365 1734 679 1831 RudTarse'nses
702 1743 1063 1821 commonefaciendus
1085 1751 1119 1819 et
1141 1741 1186 1819 ad
1208 1740 1439 1827 sciscitasset
1465 1739 1720 1844 σωφροσύνην
1746 1743 1964 1820 revocandos
1989 1743 2099 1831 disits
2124 1742 2360 1843 ἀλλάἈθη.

365 1861 540 1965 νόδωροο
556 1861 580 1939 ὁ
594 1860 728 1965 πρωίην
746 1857 962 1967 γενόμενος,
988 1861 1037 1938 δν
1051 1860 1180 1959 ᾐδεῖτο
1201 1857 1445 1962 ὃΣεβαστὸς,
1469 1854 1545 1960 ἆρα
1562 1862 1701 1949 οἴεσθε,
1721 1862 1822 1963 εἴπερ
1841 1861 1938 1965 ἔγνω
1955 1859 2137 1959 τοιαύτην
2152 1857 2273 1941 οὖσαν
2288 1863 2361 1963 τὴν

365 1978 499 2070 πάλιν,
523 1982 754 2082 προῦκρινον
780 1978 832 2056 ἂν
856 1987 922 2076 τῆς
945 1978 1024 2079 μετ’
1052 1977 1197 2056 ἐκείνου
1223 1977 1421 2080 διατριβῆς
1442 1975 1514 2074 τὴν
1539 1976 1683 2056 ἐνθάδε
1689 2011 1704 2072 ,·
1750 2006 1785 2055 ιι.
1804 2006 1838 2056 τ.
1863 1987 1895 2055 l..
1952 1979 2129 2057 Eumdem
2153 1983 2361 2060 Athenodo-

366 2128 452 2181 rum
474 2102 688 2178 Tarsensem
711 2100 751 2175 iu
772 2099 892 2198 aprico
917 2108 972 2175 est
994 2100 1124 2200 respici
1147 2125 1169 2173 a
1194 2099 1373 2175 Clemente
1394 2098 1589 2174 Alexandr.
1626 2099 1665 2174 iu
1689 2095 1871 2175 Admonit.
1896 2098 1942 2173 ad
1966 2099 2071 2176 Gent.
2093 2128 2132 2203 p.
2158 2107 2221 2179 al.
2252 2102 2360 2198 sylb.

366 2218 423 2303 his
445 2219 586 2297 verbius
611 2219 688 2294 ἀλλ’
702 2215 745 2317 ’ῃὸ
767 2245 811 2321 γε
828 2213 1105 2315 Ἀθηνόδωρος
1132 2213 1151 2292 ὃ
1179 2222 1248 2292 τοῦ
1271 2213 1503 2320 Σάνδωνος,
1527 2214 1723 2315 ἀρχαίζειν
1746 2214 1817 2293 τὸν
1839 2213 2022 2318 Σάραπιν
2044 2217 2263 2319 βουληθείς,
2288 2220 2360 2299 οὐκ

368 2335 441 2415 oid
467 2335 569 2422 ὅπως
593 2335 819 2436 περιέπεσεν,
849 2333 995 2438 ἐλέγξας
1021 2333 1141 2411 αὐτὸν
1164 2336 1318 2438 ἄγαλμα
1339 2334 1437 2412 εἶναι
1459 2329 1632 2440 γενητόν.
1683 2335 1764 2436 Quo
1789 2336 1932 2441 quidem
1954 2340 2030 2413 loco
2055 2338 2295 2441 admonemur,
2320 2349 2361 2420 ut

367 2454 414 2533 de
436 2457 577 2559 scriptis
603 2482 744 2558 qnoque
768 2455 882 2532 Stoici
902 2455 998 2549 illius
1024 2478 1138 2555 pauca
1160 2454 1330 2530 dicmnus.

378 2674 384 2683 Ι
520 2575 578 2651 Ac
603 2576 755 2675 primum
780 2572 948 2675 quidem,
986 2571 1081 2676 quod
1104 2573 1151 2648 ad
1177 2574 1270 2649 istud
1294 2598 1386 2675 opus
1410 2573 1555 2670 attinet,
1594 2571 1639 2648 de
1665 2597 1734 2675 quo
1760 2572 1922 2650 Clemens
1946 2574 2208 2651 Alexandrinus
2240 2578 2359 2679 loqui·

366 2700 446 2791 cur,
460 2694 529 2781 xix
550 2693 716 2795 cuiquam
739 2692 884 2768 dubium
909 2718 988 2767 esse
1013 2695 1139 2792 poterit
1164 2694 1251 2795 quin
1278 2691 1368 2767 illud
1392 2692 1744 2789 mythico-lustorici
1765 2694 1859 2789 sive,
1911 2720 1958 2768 ex
1990 2702 2151 2769 veterum
2177 2699 2358 2796 sententie,

367 2814 557 2916 theologici
586 2813 695 2887 fuerit
725 2813 943 2915 argumentis
980 2815 1084 2911 cujus
1111 2814 1254 2915 generis
1280 2811 1501 2913 quaestiones
1523 2837 1595 2887 uon
1620 2814 1751 2887 alienas
1771 2812 1882 2887 fuisse
1907 2838 1930 2886 a
1952 2812 2153 2890 Stoicorum
2178 2813 2360 2917 disciplina

367 2940 405 3017 et
427 2932 582 3029 auidiis,
606 2934 665 3008 vel
689 2958 780 3007 unus
806 2930 931 3007 Cicero
959 2929 1005 3005 de
1024 2931 1109 3008 Nat.
1130 2933 1241 3007 Deor.
1267 2931 1369 3007 Libr.
1398 2931 1467 3006 ΠΙ.
1488 2956 1519 3005 c.
1545 2936 1607 3007 24.
1632 2932 1718 3006 satis
1740 2939 1898 3006 testatur.
1955 2931 2034 3008 Jam
2058 2933 2091 3008 si
2114 2934 2238 3029 Zeno,
2275 2935 2359 3011 Cle-

367 3053 492 3147 unthes
517 3077 561 3128 uc
583 3050 808 3152 Chrysippus
832 3075 996 3152 magnam
1014 3057 1071 3145 et,
1098 3050 1268 3126 Cicerone
1287 3049 1427 3151 judice,
1464 3050 1609 3127 minime
1635 3051 1871 3125 necessariam
1895 3075 2083 3150 suscepere
2106 3053 2302 3128 molestiam
2322 3059 2359 3130 et

291 3190 294 3195 ·
368 3171 692 3261 commenticiarum
716 3169 760 3244 de
784 3172 863 3246 Diis
888 3170 1091 3244 fabularum
1115 3172 1286 3246 rationem
1316 3168 1464 3245 reddere
1496 3177 1530 3243 ct
1553 3168 1826 3265 socmulorum,
1874 3195 1938 3244 cur
1964 3170 2091 3270 quique
2113 3170 2163 3244 ita
2189 3175 2357 3273 appellati

367 3291 455 3387 sint,
505 3315 650 3366 causses
680 3291 858 3390 explicare
893 3289 1178 3374 elaboraverunts
1226 3285 1312 3392 quid
1345 3295 1401 3365 est
1430 3288 1525 3389 quod
1551 3289 1665 3365 obstet
1691 3315 1760 3390 quo
1787 3289 1901 3364 minus
1925 3288 2193 3366 Athenodorum
2217 3318 2358 3396 quoque

367 3409 552 3505 Stoicmn,
575 3407 754 3486 Sandonis
779 3408 909 3504 lilium,
937 3406 982 3484 de
1004 3409 1082 3484 Diis
1104 3410 1315 3511 quaesivisse
1339 3409 1562 3510 suspicemur
1585 3416 1619 3483 ct
1644 3408 1812 3509 peculiari
1842 3406 1993 3509 quadmn
2016 3410 2202 3511 scriptione
2225 3411 2271 3486 de
2293 3439 2359 3489 eo·

367 3554 450 3606 rum
471 3528 628 3630 origiue,
652 3531 747 3604 uultu
769 3536 806 3603 et
831 3527 948 3628 effigie
973 3523 1210 3628 exposuisse?
1261 3527 1389 3630 Neque
1412 3527 1576 3628 cuiquam
1598 3528 1730 3601 mirum
1754 3528 1845 3622 erit,
1869 3526 1975 3601 deum
1998 3530 2228 3630 peregrinum
2242 3531 2359 3608 Athe·

367 3647 496 3726 nodori
517 3649 742 3724 attentionem
766 3672 807 3722 ac
830 3645 989 3724 studium
1010 3647 1188 3742 movisse,
1212 3646 1246 3722 si
1266 3649 1479 3743 meminerit,
1506 3672 1549 3721 co
1575 3647 1654 3747 ipso
1676 3655 1856 3746 tempore,
1883 3671 1953 3746 quo
1972 3644 2133 3722 Stoicum
2157 3650 2257 3725 illum
2276 3651 2356 3726 Ro.
2410 3687 2418 3698 ·

338 3793 448 3870 ,mae
472 3768 604 3842 vixisse
628 3765 862 3861 ostendimus,
886 3764 1034 3840 deorum
1055 3766 1320 3866 Acgyptiorum
1342 3768 1493 3861 cultum,
1527 3767 1686 3864 quamvis
1712 3766 1819 3839 semel
1840 3764 2037 3864 iterumque
2059 3768 2265 3843 auctoritate
2286 3797 2358 3871 pu-

332 3923 340 3932 ·
367 3884 462 3978 blico
485 3889 676 3986 reJ'ectnm,
712 3912 823 3961 novas
848 3909 976 3985 easque
997 3883 1172 3958 firmiores
1199 3883 1334 3978 radices
1357 3885 1396 3958 in
1417 3883 1661 3962 Romanorum
1686 3884 1813 3958 animis
1840 3883 1964 3986 egisse.
1983 3882 2049 3979 ¹¹⁷)
2100 3885 2197 3960 Inter
2221 3898 2357 3965 caetera

367 4013 507 4100 mem,
531 4029 624 4105 quae
646 4003 741 4079 bona
764 4003 837 4079 fide
871 4004 906 4077 ei
939 4001 1091 4077 adscribi
1113 4011 1285 4102 possunt,
1315 4029 1424 4103 opera
1450 4004 1603 4077 animum
1637 4007 1796 4078 nochum
1818 4003 1981 4102 inprimis
2003 4000 2152 4078 advertit
2173 4007 2230 4082 ille
2255 4007 2357 4104 liber,

367 4149 474 4236 quem
498 4122 690 4219 omaso,
722 4124 879 4225 Augusti
900 4122 1033 4216 sorori,
1068 4119 1112 4196 ab
1139 4148 1182 4195 eo
1207 4123 1417 4223 inscriptum
1441 4121 1571 4217 luisse,
1609 4130 1729 4196 auctor
1753 4130 1807 4196 est
1825 4123 2036 4197 Plutarchus
2062 4123 2100 4196 in
2125 4123 2199 4200 Vit.
2222 4126 2356 4206 Pohlic.

368 4268 402 4320 o.
425 4247 490 4322 17.
539 4239 816 4342 exponimur
840 4240 1058 4316 celebratae
1084 4242 1205 4316 multis
1229 4242 1289 4315 illa
1311 4240 1470 4316 namatio
1497 4238 1544 4317 dc
1567 4240 1607 4315 C.
1627 4240 1750 4316 Mucio
1776 4240 1914 4337 Cordo,
1938 4242 1997 4341 qui
2023 4266 2045 4314 a
2070 4242 2176 4317 caede
2200 4246 2356 4323 Porsen·

366 4381 436 4438 uae
457 4359 532 4447 sibi
549 4360 731 4462 proposita
751 4367 944 4437 Scaeuolae
968 4383 1162 4460 cognomen
1184 4360 1396 4458 invenisset,
1420 4367 1527 4460 atque
1549 4360 1647 4434 illum
1670 4360 1776 4433 etium
1792 4356 2008 4459 Ὀψίγονον
2029 4360 2065 4434 Ιι.
2089 4386 2122 4435 c.
2146 4369 2358 4444 Postumum

367 4479 583 4582 appellatum
605 4478 717 4554 srdssc
741 4478 930 4555 memoriae
951 4476 1153 4578 prodiderat
1173 4473 1450 4576 Ἀθηνόδωρος
1474 4474 1495 4554 ὁ
1518 4474 1731 4560 Σάνδωνος
1753 4480 1810 4573 (ut
1831 4477 2013 4553 verissime
2036 4482 2191 4554 correxit
2209 4475 2356 4559 Perizo-

365 4599 469 4697 nius)
494 4598 537 4673 ἐν
559 4601 615 4697 τῷ
635 4592 729 4696 πρὸς
745 4595 984 4674 Ὀκταουίαν
1007 4592 1080 4690 τὴν
1103 4592 1297 4693 Καίσαρος
1320 4592 1514 4694 ἀδελφὴν,
1536 4606 1575 4670 ut
1589 4597 1710 4671 scribit
1724 4596 2022 4694 Plutarchaussss)
2073 4599 2205 4672 illisum
2228 4627 2357 4702 quem·

365 4717 424 4796 sis
447 4714 575 4792 habeut
597 4741 743 4792 necesse
769 4724 824 4791 est
847 4712 1147 4816 antiquaeidque
1169 4714 1337 4788 tabularis
1361 4714 1526 4791 historiae
1551 4715 1732 4790 Romanae
1756 4715 1916 4790 oscado
1943 4716 2209 4819 ephilosopho,
2228 4722 2354 4797 mulie·

365 4837 419 4914 ris
442 4835 577 4940 graba,
600 4843 641 4910 ut
663 4834 821 4930 videtur,
843 4841 1020 4935 suscepte.
1068 4829 1115 4910 Id
1139 4832 1318 4934 reputanti
1341 4832 1428 4908 mihi
1449 4823 1621 4910 succaurit
1643 4833 1835 4935 suspicari,
1859 4831 2018 4910 Stoicum
2027 4835 2146 4932 illum,
2170 4845 2210 4912 ut
2223 4840 2354 4937 mythi-

370 4984 376 4996 ⁸
433 5005 502 5076 nt)
522 5005 566 5062 Ea
582 5005 617 5060 de
637 5021 669 5060 re
690 5006 770 5076 plura
792 5001 862 5058 dixit
877 5004 901 5057 J.
916 5002 951 5057 A.
965 5002 1131 5072 Hartungim
1146 5001 1177 5056 iu
1191 5002 1267 5057 libus
1289 5002 1343 5056 Die
1383 5019 1439 5058 non
1461 5002 1601 5059 Graeculis
1623 5009 1670 5058 aut
1692 5001 1892 5071 Grammaticis,
1922 5002 1967 5071 qui
1988 5020 2112 5059 sermone
2132 5007 2265 5076 pedestri,
2287 5019 2357 5077 quse

365 5089 493 5161 NJus
507 5091 670 5152 desitum
685 5090 718 5145 P.
733 5089 757 5144 Ι.
772 5107 800 5160 p.
815 5086 869 5142 234
885 5103 943 5157 sqq.
976 5088 1118 5142 Caetemm
1129 5085 1297 5142 Adranodori
1308 5087 1343 5142 de
1383 5093 1481 5157 poetae
1496 5088 1525 5142 iu
1542 5096 1633 5142 vetere
1647 5090 1829 5142 Romanorum
1848 5086 1961 5142 nuum
1977 5091 2022 5143 rel
2035 5088 2199 5144 invenissent
2215 5093 2260 5146 vel
2274 5107 2356 5147 exor-

366 5175 501 5246 scapua
514 5173 697 5230 medeam
712 5188 774 5228 mun
789 5172 904 5228 aliorum
920 5170 1079 5244 seriptomm
1095 5172 1253 5227 testimoniis
1269 5187 1343 5226 com-
1383 5179 1507 5241 nussent,
1522 5173 1619 5226 iterum
1628 5178 1754 5230 ,onoma
1767 5177 1976 5242 propagassent,
1985 5176 2166 5228 accensendus
2178 5182 2251 5244 erut,
2267 5194 2355 5248 neque

365 5265 447 5336 gont
461 5259 615 5316 ermom
629 5256 660 5312 iu
673 5258 793 5326 Dionyso
809 5275 837 5328 p.
853 5257 914 5313 189.
1385 5273 1444 5311 cum
1462 5256 1614 5325 cognomini
1630 5257 1784 5312 convictore
1803 5263 1833 5311 et
1850 5257 1939 5312 sodali
1959 5258 2066 5312 Claudii
2084 5257 2161 5328 pueri
2181 5276 2225 5327 sp.
2246 5262 2357 5321 Sueten.

432 5343 499 5413 ne)
516 5344 594 5401 Quae
608 5342 760 5398 Bussenius
779 5342 809 5398 iu
826 5343 1014 5398 commentatt.
1035 5340 1069 5395 de
1085 5340 1153 5396 font.
1174 5345 1203 5395 et
1224 5339 1348 5398 accurit.
1387 5341 1485 5397 claud.
1501 5357 1525 5397 c.
1541 5340 1568 5395 4.
1582 5340 1797 5409 confundendus,
1818 5341 1918 5395 nedum
1938 5343 2127 5412 pomonam
2143 5358 2203 5396 cum
2220 5344 2356 5401 Theodoro

297 5479 301 5484 .
365 5425 707 5504 tumulassent
720 5425 943 5496 (Cottius-182⁰.
955 5426 991 5494 8.)
1002 5425 1135 5496 p.llbsq.
1151 5425 1186 5479 de
1201 5424 1254 5480 hoc
1261 5425 1343 5483 Athe·
1387 5415 1512 5495 chobra,
1527 5426 1698 5496 Imperatoris
1706 5424 1811 5481 Tiberii
1822 5426 1967 5495 magutsu,
1982 5442 2061 5495 quem
2073 5428 2233 5497 θοίαττιιπι,
2248 5431 2357 5486 minime

365 5510 775 5585 msoeipdgineishnnd
784 5510 1122 5568 diffiteormedesiderare
1134 5509 1269 5564 budatam
1279 5509 1347 5564 alias
1385 5513 1565 5590 ¹l'coseaaesu,
1588 5527 1606 5564 s
1627 5510 1715 5580 patria
1734 5509 1924 5578 cognominant
1937 5511 2079 5565 Suetonius
2097 5511 2129 5566 in
2149 5511 2357 5574 vicuium.

366 5596 545 5670 unauna
568 5595 749 5680 τωρωι
782 5595 853 5672 τοι
877 5592 2115 5667 Mandemusne,or.eome1amnor.nur.ma.1.5.1u

561 5677 568 5688 .
1901 5682 1952 5758 7*
