5717 6575
485 636 513 715 g
1194 614 1785 694 rnecrumresooosm

402 880 405 887 .
487 818 556 901 stul
575 818 654 902 τοῒο
676 808 843 916 ἀνδράσι
868 805 987 896 notaio
1013 804 1204 915 ἐγγίνεται
1225 803 1402 911 θόρυβος
1425 808 1469 886 ίν
1490 805 1765 913 πολλῷΙόμίλφ
1782 804 2098 915 ’δημηγοροῦντος
2115 809 2181 913 ¹⁷).
2226 808 2332 914 Quas
2355 807 2483 911 rerba,

393 961 399 970 ·
485 967 571 1021 curn
592 936 710 1015 statim
733 934 835 1009 aviae
858 932 935 1033 vita
957 918 1144 1007 deiunctae
1165 930 1298 1006 rncnb'o
1322 929 1552 1032 subjiciatur,
1577 938 1701 1032 aperte
1726 929 1930 1037 aodpicnda
1951 937 2036 1006 sunt
2059 929 2106 1006 de
2139 930 2298 1009 oratione
2320 931 2482 1031 iuoebri,

485 1086 559 1167 qun
579 1058 696 1135 aviam
722 1052 941 1155 abAngusto
964 1074 1077 1152 puero
1099 1048 1276 1125 laudatam
1293 1073 1371 1126 csse
1393 1056 1569 1124 testantur
1595 1049 1791 1126 Suetonius
1815 1053 1915 1126 ο.8.ι
1939 1053 2189 1128 &comeam
2212 1079 2354 1130 oasam
2367 1079 2486 1155 αμοιιε

485 1188 611 1262 παλαια
632 1181 777 1256 duliam
801 1173 1017 1273 defunctam
1038 1197 1108 1269 pro
1131 1174 1299 1247 οοαολοιιο
1313 1172 1524 1266 ίσαιίαοίι,“
1542 1174 1579 1243 et
1596 1166 1833 1268 Quintilianus
1858 1167 1946 1244 inst.
1958 1165 2027 1245 0r.
2043 1168 2246 1246 ubsxrr.
2266 1196 2299 1247 c.
2317 1177 2356 1248 6.
2377 1175 2481 1264 §.lte

485 1307 655 1401 „caesor
679 1299 866 1394 Aequore
890 1294 1076 1369 duodecim
1098 1303 1212 1367 actas
1237 1282 1356 1364 unicos
1380 1294 1505 1366 αοίαιιι
1525 1314 1597 1386 pro
1620 1294 1762 1365 llouris
1794 1289 2006 1366 ίσιιιίσοίι.“
2060 1287 2229 1366 Nicolaus
2259 1289 2368 1394 igitur
2398 1289 2484 1367 Au·

290 1467 297 1489 .
485 1427 631 1526 gustum
654 1411 745 1487 dixit
767 1406 934 1485 laudasse
957 1407 1075 1483 aviam
1099 1401 1186 1505 περὶ
1209 1401 1322 1481 ἐννέα
1355 1403 1419 1501 deq
1448 1400 1591 1504 μοίλιςα
1624 1400 1811 1508 γεγονότα
1839 1405 1874 1488 ln
1909 1430 1944 1482 e.
1976 1430 2103 1483 norem
2135 1405 2331 1484 admodum
2368 1432 2483 1485 annos

333 1524 338 1535 ’
484 1548 611 1617 mrum
627 1533 702 1634 1⁸),
728 1533 878 1632 ejusque
899 1525 1162 1621 testimonium,
1187 1531 1313 1624 utpote
1333 1523 1530 1625 profectum
1552 1523 1598 1599 ab
1622 1525 1791 1626 scriptore
1815 1527 1968 1629 aequali,
1991 1526 2080 1602 barro
2101 1526 2224 1602 babuit
2246 1527 2337 1624 vim,
2364 1534 2412 1602 -ut
2431 1527 2479 1603 n

486 1654 654 1737 Valesius
677 1649 724 1726 ad
748 1650 783 1724 b.
809 1650 835 1723 1.
859 1673 897 1748 p·
915 1652 1002 1725 202.
1025 1643 1084 1721 ed.
1107 1644 1189 1741 0r.,
1212 1643 1398 1720 Ferrarius
1422 1640 1471 1718 de
1494 1642 1551 1718 Re
1572 1643 1673 1720 vac
1693 1643 1793 1720 Libr.
1806 1644 1855 1721 Π.
1876 1670 1907 1720 ο.
1931 1651 1966 1722 l.
1990 1670 2028 1744 p.
2038 1648 2128 1725 699.
2148 1646 2185 1721 in
2210 1645 2351 1724 Graevii
2368 1647 2483 1724 Thes.

394 1777 400 1788 “
487 1778 608 1877 Antiq.
628 1773 732 1848 Rom
758 1768 865 1843 Tom.
882 1765 959 1861 Vl,
982 1764 1147 1862 Ryckius
1171 1771 1208 1838 ct
1232 1762 1438 1840 Gronovius
1461 1760 1508 1837 ad
1531 1761 1646 1839 Taciti
1660 1762 1755 1838 Ann.
1780 1761 1880 1839 Libr.
1893 1764 1982 1839 XII.
2005 1787 2038 1838 o.
2054 1769 2131 1862 41,
2147 1763 2242 1866 apud
2258 1765 2482 1863 Suetonium,

487 1894 697 1974 mentiente
719 1886 886 1981 Quaado,
900 1883 1097 1987 ‚legendum
1124 1889 1330 1958 oenserentr
1354 1885 1531 1959 σοοίιιιιιοι
1555 1909 1699 1959 orama
1722 1909 1857 1983 uqsue,
1891 1883 2044 1984 itemque
2066 1882 2270 1985 Quintiliani
2295 1887 2412 1961 locum
2435 1884 2483 1960 de

486 2015 626 2095 numeri
652 2007 852 2107 corruptela
876 2009 1080 2104 suspectum
1100 2002 1280 2077 baberent.
1315 1998 1452 2077 Verum
1475 2006 1611 2095 unm,
1632 2024 1714 2076 cum
1736 2000 1903 2076 Maleus
1925 2001 1962 2076 in
1986 2009 2064 2078 totc
2084 2002 2151 2078 boo
2172 2007 2344 2105 opusculo
2358 2013 2485 2106 aperte
2564 2036 2569 2046 ·

487 2129 681 2212 laudatoris
694 2127 811 2229 pou'us
835 2129 955 2225 partes
980 2121 1190 2222 susceperit,
1215 2143 1321 2222 quam
1336 2119 1411 2195 veri
1435 2143 1478 2194 ao
1497 2117 1668 2218 simplicis
1687 2144 1808 2195 rerum
1819 2120 2010 2220 scriptoris,
2023 2123 2102 2222 ejus
2113 2122 2299 2200 auotoritas
2313 2148 2483 2226 magnam

444 2283 451 2301 ‘
487 2256 616 2331 babeat
634 2271 781 2324 necesse
803 2248 858 2319 cst
881 2241 1131 2343 suspicionem.
1181 2241 1274 2317 Nihil
1295 2235 1443 2340 impedit
1466 2261 1539 2340 quo
1562 2237 1681 2312 minus
1700 2240 1927 2339 suspicemur,
1952 2264 2036 2314 enm
2058 2239 2270 2341 prudentem
2293 2241 2484 2317 scientem·

489 2398 573 2477 qno,
600 2394 671 2473 quo
694 2363 958 2468 cumulatiorem
981 2360 1112 2436 laceret
1132 2359 1227 2436 omni
1251 2357 1354 2435 laude
1377 2358 1580 2461 Augustum
1603 2383 1768 2458 pnermn,
1792 2358 2002 2459 scripsisse,
2022 2359 2128 2435 irtam
2151 2354 2352 2435 concionem
2372 2360 2485 2435 lune-

489 2496 596 2572 brem
622 2513 645 2564 u
668 2508 781 2587 puero
802 2478 947 2556 vixdum
973 2478 1118 2555 decenrd
1138 2479 1293 2555 habitam
1314 2503 1397 2555 esse
1420 2477 1587 2553 maximis
1603 2476 1817 2552 audientium
1833 2477 2040 2553 clamoribus
2055 2484 2091 2553 et
2108 2479 2248 2579 plamu.
2281 2478 2357 2556 Sed
2375 2478 2485 2580 quid·

368 2600 378 2615 ’
489 2610 655 2716 quidest
689 2602 795 2705 br'rjus
828 2599 1056 2701 suspicionis,
1088 2599 1280 2692 consultius
1309 2598 1379 2673 crit
1399 2597 1625 2699 acquiescere
1653 2594 1694 2671 in
1718 2597 1921 2676 auctoritate
1941 2595 2104 2673 Suetonii
2127 2605 2164 2672 et
2187 2596 2411 2699 Quintiliani,
2433 2599 2485 2674 ita

488 2728 696 2838 atluliam,
721 2723 875 2823 Augusti
900 2719 1027 2813 aviam,
1052 2743 1144 2793 anno
1164 2717 1212 2793 U.
1236 2716 1279 2794 G.
1304 2721 1391 2794 702.
1414 2717 1492 2791 sive
1511 2721 1596 2795 703.
1626 2716 1701 2791 vita
1724 2714 1927 2792 defunctam
1946 2723 1987 2833 ct
2008 2741 2032 2791 a
2050 2724 2177 2818 nepotc
2206 2716 2392 2793 duodecim
2419 2718 2484 2794 vix

490 2873 604 2926 annos
631 2850 716 2921 nato
737 2865 805 2942 pro
825 2838 991 2914 mucione
1006 2835 1187 2913 laudatum
1207 2859 1287 2911 esse
1309 2833 1470 2943 dicamus
1483 2834 1548 2932 19).

451 2949 457 2957 ‘
641 2963 846 3064 Augustum
871 2958 911 3033 in
935 2956 1040 3031 domo
1060 2954 1219 3055 Philippi
1241 2954 1357 3030 vitrici
1379 2952 1567 3030 educan
1589 2977 1681 3050 mse,
1706 2959 1944 3030 contestantur·
1965 2952 2128 3057 Vellcjus
2150 2953 2291 3033 Patere.
2314 2954 2414 3045 libr.
2433 2955 2485 3032 ll.

490 3116 523 3167 ο.
549 3087 614 3164 cs.
639 3092 673 3175 §.
698 3085 794 3157 1.·οι
819 3078 889 3152 Dio
912 3074 1014 3152 cass.
1038 3074 1141 3150 libr.
1155 3072 1274 3150 XLV.
1298 3099 1333 3151 o.
1352 3078 1387 3149 1.
1418 3072 1475 3148 Ao
1501 3072 1668 3148 Nicolaus
1689 3073 1930 3149 Damascenus
1956 3099 1987 3150 c.
2001 3078 2038 3150 s.
2062 3075 2182 3150 multis
2206 3075 2323 3150 verbis
2348 3083 2484 3170 uenat,

617 3201 754 3278 curiose
777 3197 862 3274 Atia
885 3201 997 3270 mater
1014 3201 1057 3268 et
1080 3193 1222 3269 vitricus
1236 3191 1496 3297 invigilaverint
1518 3195 1597 3294 ejus
1619 3194 1801 3293 pueritiae,
1824 3196 1921 3268 nullo
1944 3193 2213 3269 intemnittentes
2229 3193 2287 3269 die
2309 3218 2484 3297 quaerere

333 3394 336 3399 .
490 3353 541 3405 ax
565 3317 856 3427 praeceptoribus
879 3321 920 3389 et·
938 3313 1164 3408 custodibus,
1197 3337 1287 3415 quos
1321 3312 1393 3413 ipsi
1420 3320 1676 3413 apposuerant,
1710 3312 1795 3414 quid
1831 3314 1981 3416 egisset,
2014 3305 2086 3414 quo
2118 3314 2259 3409 ivisset,
2292 3313 2422 3415 quibus
2439 3314 2483 3390 in

490 3445 601 3523 rebus
624 3447 661 3517 et
685 3438 899 3539 quibuscum
924 3431 1104 3509 sodalibus
1128 3431 1224 3508 diem
1245 3430 1413 3507 uideret.
1453 3431 1691 3530 Praecipuum
1710 3431 1852 3508 laudern
1877 3434 2085 3509 eonomine
2110 3434 2214 3508 Atiae
2237 3433 2356 3544 tribuit
2375 3434 2484 3511 ctiam

491 3569 629 3644 Auctor
647 3559 740 3635 Dial.
762 3555 808 3631 de
832 3553 946 3631 Oratt.
971 3578 1004 3627 c.
1024 3555 1100 3647 28,
1125 3551 1209 3653 qui,
1233 3549 1376 3626 laudata
1391 3549 1574 3651 'majmnn
1593 3548 1797 3652 disciplina,
1830 3575 1988 3653 quaeso
2023 3552 2236 3652 pertineret,
2269 3560 2312 3627 ut
2347 3553 2485 3630 sincera

492 3694 531 3761 et
552 3667 693 3782 integre
715 3681 753 3752 et
774 3674 878 3749 nullis
901 3669 1129 3772 pravitatibus
1157 3669 1291 3745 detorta
1309 3670 1588 3769 uniuscujusque
1610 3671 1712 3770 pueri
1736 3677 1862 3745 natm-a
1882 3677 1958 3745 toto
1990 3671 2109 3746 statim
2142 3656 2284 3771 pectore
2313 3673 2486 3773 arriperet
2560 3689 2564 3696 '

493 3800 772 3881 matronatus
794 3803 831 3869 ct
854 3792 930 3868 sive
953 3789 998 3865 ad
1024 3815 1101 3865 rem
1123 3788 1331 3885 militarem,
1353 3789 1431 3867 sive
1453 3786 1502 3862 ad
1519 3788 1612 3888 juris
1634 3789 1814 3865 scientiam
1839 3790 1915 3863 sive
1939 3788 1986 3874 ad
2008 3790 2227 3890 eloquentius
2243 3790 2398 3865 studium
2420 3792 2482 3867 in.

493 3925 667 4014 clinassu,
689 3914 727 3991 id
747 3916 866 3989 solum
886 3917 1020 4012 egeret,
1042 3907 1080 3982 id
1104 3908 1306 3983 universum
1332 3908 1503 4001 hauriret,
1526 3909 1597 3982 aits
1628 3906 1717 4002 „Sic
1734 3907 1933 3983 Corneliam
1949 3906 2200 4003 Gracchorum,
2224 3908 2275 3983 sio
2300 3910 2483 3987 Aurelisrrr

494 4039 685 4131 coeam,
709 4034 763 4108 sio
787 4031 907 4105 Atiam
930 4027 1085 4131 Augusti
1109 4034 1257 4101 matrem
1290 4026 1489 4126 praefuisse
1523 4023 1787 4105 educationibus
1821 4050 1862 4101 ac
1893 4024 2106 4127 produxisse
2137 4028 2318 4127 principes
2352 4028 2483 4106 liberos

493 4155 733 4260 accepimus.“
782 4150 848 4224 llis
870 4149 977 4249 igitur
997 4154 1140 4244 tamque
1158 4144 1371 4246 sapientibus
1395 4142 1602 4243 parentibus
1626 4144 1812 4245 Augustus
1834 4144 1958 4240 ἤσκει,
1982 4152 2023 4219 ut
2043 4145 2212 4220 Nicolaus
2230 4147 2299 4241 sit,
2321 4148 2387 4221 καί
2411 4146 2486 4244 τὴν

494 4274 627 4381 ψυχὴν
647 4275 726 4353 τοῖς
749 4265 933 4355 καλλίςοις
958 4259 1226 4361 ἐπιτηδεύμασι
1231 4311 1245 4350 ,
1267 4259 1333 4337 καί
1352 4258 1397 4335 τὸ
1420 4266 1533 4359 σῶμα
1553 4264 1636 4344 ταῖς
1657 4258 1849 4364 γενναίαις
1871 4260 1937 4336 καί
1967 4266 2202 4361 πολεμικαῖς,
2235 4247 2301 4338 καί
2324 4271 2405 4340 τῶν
2425 4264 2488 4342 dr-

496 4389 722 4472 δασκόντων
740 4387 889 4469 θᾶττον
915 4379 1029 4465 αὐτὸς
1052 4378 1124 4477 τὴν
1145 4376 1319 4480 μάθησιν
1342 4378 1403 4455 ἐπὶ
1425 4384 1507 4453 τῶν
1524 4377 1650 4482 Ιίργαιν
1675 4374 1937 4475 ἀπεδείκνυτο,
1974 4378 2071 4454 ὥστε
2097 4376 2173 4457 ἀπὸ
2197 4378 2312 4457 τοῦδε
2350 4382 2417 4460 καὶ
2442 4387 2487 4463 ἐν

495 4520 544 4611 τῇ
569 4495 725 4610 πατρίδι
750 4500 872 4580 πολύν
896 4498 1010 4597 ζῆλον
1036 4498 1279 4604 ἐνέγκασθαι.
1336 4496 1440 4599 Quae
1470 4497 1616 4598 quidem
1644 4505 1826 4599 postrema
1853 4497 1962 4572 verba
1993 4524 2064 4573 non
2091 4498 2218 4574 minori
2247 4502 2376 4607 scripta
2405 4529 2487 4582 essa

498 4631 652 4710 arbitror
672 4625 790 4704 studio
815 4648 857 4697 uo
878 4620 1089 4722 cupiditate,
1113 4641 1220 4721 qnam
1241 4617 1323 4693 illa:
1347 4614 1422 4718 ἤδη
1450 4640 1492 4690 τε
1517 4611 1708 4714 ἀξιότιμος
1732 4613 1800 4692 καί
1823 4618 1903 4699 τοῖς
1925 4612 2048 4711 ἥλιξιν
2071 4613 2246 4717 ἐφαίνετο
2273 4623 2353 4704 τοῖς
2376 4621 2488 4725 εὐγε-

497 4743 693 4831 νεστάτας
715 4738 844 4827 παισὶ,
875 4736 941 4814 καὶ
965 4734 1155 4835 συνῄεσαν
1178 4733 1273 4835 πρὸς
1297 4732 1417 4811 αὐτὸν
1442 4735 1705 4831 παμπληθεῖς,
1735 4732 1807 4809 οὐκ
1841 4729 1961 4837 ὀλίγοι
1994 4760 2036 4811 τι
2066 4733 2133 4810 καί
2155 4742 2238 4813 τῶν
2258 4735 2489 4840 νεανίσκων,

500 4866 558 4954 οἷς
580 4862 626 4941 τὸ
651 4856 832 4961 πράττειν
855 4853 902 4932 δι’
930 4852 1078 4938 ἐλπίδος
1100 4847 1163 4964 ἦν.
1212 4852 1478 4960 Προῦπεμπον
1510 4848 1552 4927 di
1579 4848 1701 4926 αὐτὸν
1724 4847 1937 4951 πάμπολλοι
1961 4850 2142 4953 ὁσημέραι
2164 4852 2230 4928 καί
2249 4853 2490 4957 μειρακίσκοι

499 4983 567 5069 καὶ
594 4976 733 5082 ἄνδρες
756 4974 822 5055 καί
841 4972 963 5074 ἥλικες
987 4969 1132 5061 παῖδες,
1158 4972 1232 5056 εἴτε
1255 4968 1316 5071 ίφ’
1346 4967 1533 5074 ἱππασίαν
1552 4969 1623 5057 ίξιο
1647 4974 1718 5046 τοῦ
1741 4967 1848 5063 draco
1864 4968 2042 5074 προσῄει,
2068 4973 2141 5049 εἴτε
2163 4970 2268 5075 παρὰ
2293 4980 2490 5081 συγγενεῖς

453 5236 456 5243 ·
568 5204 615 5275 ¹⁷)
631 5204 686 5260 rm
701 5198 818 5256 ratione
835 5198 908 5265 vulo·
919 5192 1132 5265 δικαιοῦσι
1148 5208 1228 5263 ovem
1244 5191 1471 5250 nondumne
1517 5184 1627 5263 μιιιςι
1642 5189 1761 5245 nonem
1777 5190 1898 5260 masao
1914 5190 2363 5265 camerescensem,
2378 5202 2491 5267 Μ.

502 5291 587 5349 cuivis
603 5294 692 5362 patet,
714 5284 806 5355 recepi
821 5277 1113 5348 Baumgartcnfcrurii
1128 5278 1164 5334 ad
1181 5279 1290 5334 Sueten.
1306 5277 1377 5343 sug.
1400 5290 1425 5330 o.
1442 5275 1470 5331 8.
1518 5275 1647 5344 Virorum
1656 5276 1691 5330 de
1700 5275 1778 5332 ldiot.
1788 5277 1857 5347 cap.
1864 5277 1920 5331 Vll.
1930 5277 2034 5332 Sectd.
2050 5295 2077 5347 p.
2083 5275 2142 5333 cro.
2149 5279 2193 5358 lq,
2202 5279 2373 5348 wesselingii
2385 5282 2490 5341 aanor,

503 5375 715 5433 morosum
737 5370 824 5426 minu·
844 5367 990 5423 corenam
1014 5379 1093 5433 rum
1115 5362 1151 5422 Ε
1172 5360 1275 5419 Velut
1294 5358 1472 5429 ωπιιοιιαιι
1519 5360 1557 5418 ar
1572 5360 1702 5415 secret
1718 5361 1793 5415 mer.
1804 5360 1874 5415 vrrr
1891 5374 1915 5413 0.
1924 5360 1969 5414 es.
1986 5361 2065 5416 rom.
2078 5362 2122 5417 vr.
2140 5363 2208 5419 aa
2224 5362 2322 5433 pres,
2339 5363 2426 5422 ss„
2544 5392 2550 5402 .

503 5460 553 5515 aar
571 5453 663 5513 tneo
678 5458 736 5516 rote
753 5444 891 5522 cirtem
905 5478 941 5496 ··
957 5439 1214 5517 reservetur·
1588 5442 2023 5515 solemniacensem.
2040 5446 2068 5499 in
2084 5446 2154 5503 nire
2171 5447 2247 5506 Rom.
2265 5449 2377 5505 vollll.
2393 5449 2491 5524 pm.

573 5543 619 5610 18)
636 5544 781 5612 Perpetem
797 5540 849 5594 ista
865 5536 949 5589 verbs
958 5533 1042 5587 latine
1054 5531 1185 5586 redditid.
1192 5528 1331 5588 Valcaton
1346 5529 1474 5599 ,mara
1520 5528 1556 5586 u.
1571 5526 1617 5583 ll.
1655 5529 1699 5583 De
1720 5529 1773 5585 ists
1792 5527 1879 5586 rurus
1905 5527 1983 5584 ariae
2004 5531 2158 5588 laudatione
2179 5531 2263 5589 lmine
2284 5534 2389 5591 dicam
2415 5533 2491 5591 turra

506 5632 604 5688 σιιαιλι
622 5629 730 5681 datter
745 5638 843 5680 ιιιοιιιιι
860 5617 967 5692 πριιιι.“
983 5614 1310 5688 Derletrignidcatlone
1324 5614 1473 5689 particulae
1520 5614 1596 5674 aur.
1612 5612 1657 5673 ΙΙΙ.
1673 5610 1704 5690 5.
1716 5615 1753 5670 2·
1858 5657 1864 5670 .
