5717 6575
475 623 529 697 ss
634 576 636 581 ’
1174 617 1304 691 ros
1331 618 1547 694 cssssms
1573 619 1770 695 sucosrr

478 802 575 906 opud
595 803 800 881 Ciceronem
821 805 966 912 intelligi
986 814 1096 909 queat
1115 807 1307 886 Tarsensis
1329 811 1392 887 ille
1412 809 1574 903 Stoicus,
1600 815 1852 890 Athenodorus
1873 811 2056 913 Gordylio,
2091 829 2198 914 quem
2218 807 2367 915 ¹aliquot
2398 808 2475 886 ml-¹

477 927 614 1000 nimum
642 925 745 999 annis
768 933 852 1003 ante
874 928 1047 1003 Catonem
1070 928 1144 1003 vitu
1167 930 1366 1006 excessisse
1389 929 1621 1007 ostendimus.

631 1043 709 1121 Sed
733 1044 793 1145 qui
827 1072 935 1146 porro
965 1048 1011 1122 ab
1047 1046 1222 1124 Strabone
1249 1059 1464 1124 memoratur
1489 1047 1699 1144 Tarsensis,
1734 1047 1967 1149 philosophus
2002 1046 2169 1144 Stoicus,
2201 1048 2474 1145 Atherrodcrus,

455 1262 466 1269 ..
479 1159 658 1238 Sandonis
684 1162 791 1258 filius,
818 1161 864 1238 ὃν
887 1160 954 1239 καὶ
974 1162 1195 1260 Κανανίτην
1217 1165 1337 1265 φασὶν
1361 1164 1437 1243 ἀπὸ
1463 1162 1593 1265 κώμης
1614 1164 1717 1251 τινὸς
1733 1168 1767 1242 h.
1791 1193 1823 1242 e.
1838 1166 2024 1242 oriundum
2047 1190 2094 1240 ex
2116 1160 2242 1262 Kriou,
2263 1168 2342 1242 rico
2355 1192 2475 1269 prope

480 1279 713 1377 Tarsum399)
737 1306 818 1356 eum
843 1290 879 1357 et
894 1283 1065 1359 -Ciceroni
1087 1292 1210 1360 notum
1232 1286 1348 1361 iniisse
1370 1295 1406 1361 ct
1428 1310 1581 1386 magnac
1604 1287 1820 1362 auctoritatis
1844 1283 1939 1386 apud
1959 1285 2049 1359 alios
2075 1286 2207 1380 uirum,
2233 1284 2401 1360 discimus
2422 1310 2475 1362 ex

480 1396 586 1474 Libri
607 1400 678 1476 ΠΙ.
701 1398 748 1472 ad
774 1401 915 1478 Divers.
937 1403 1146 1502 epistolar.
1196 1403 1252 1479 Ea
1270 1404 1403 1506 scripta
1417 1410 1482 1517 pst
1505 1403 1705 1480 Laodiceae
1728 1429 1850 1480 meuse
1873 1402 2065 1478 Februario
2081 1429 2173 1479 anuo
2190 1405 2237 1480 U.
2263 1404 2305 1482 G.
2324 1409 2414 1483 704.
2438 1430 2474 1483 s.

481 1521 544 1594 50.
566 1526 603 1593 ct
628 1517 709 1593 data
727 1518 775 1593 ad
799 1521 960 1622 Appium
981 1522 1194 1619 Pulchrum,
1232 1524 1291 1598 cui
1315 1523 1441 1600 Cicero
1461 1548 1526 1624 pro
1553 1523 1708 1599 Consule
1733 1522 1771 1597 in
1794 1520 1920 1597 cilicia
1941 1530 2169 1599 successerat.
2216 1523 2299 1619 Ille,
2336 1522 2476 1626 putridi

480 1636 627 1735 spiritus
659 1636 765 1714 homo
789 1643 1032 1741 maj0rumque
1053 1641 1264 1744 imaginihus
1292 1641 1493 1744 superbus,
1524 1647 1735 1742 conquestus
1756 1639 1871 1715 luerat
1895 1638 1942 1715 de
1964 1640 2145 1737 Cicerone,
2173 1666 2379 1718 successore
2405 1667 2477 1718 suo

481 1762 667 1854 tamquam
698 1755 879 1859 dignitatis
912 1785 998 1834 suae
1021 1783 1063 1834 ao
1087 1760 1277 1836 nobilitatis
1304 1768 1551 1861 contemptore.
1601 1759 1676 1834 Eas
1707 1760 1868 1860 querelas
1891 1760 2125 1860 iniquissimus
2146 1760 2270 1835 relellit
2291 1760 2414 1837 Cicero
2437 1767 2478 1837 ct

482 1873 629 1950 honesta
660 1875 811 1977 modam
841 1902 922 1952 uun
945 1877 1105 1954 libertate
1137 1888 1266 1981 negat,
1302 1881 1410 1954 ullam
1433 1877 1530 1978 apud
1555 1904 1595 1954 se
1619 1881 1704 1978 plus
1726 1880 1846 1952 ualere
1869 1877 2096 1978 Appietatem
2125 1885 2186 1953 sut
2209 1878 2476 1975 Iacntulitatcm,

484 2017 590 2093 quam
607 2001 810 2070 ornamenta
825 1996 976 2092 virtutis,
1004 1997 1202 2097 acsuhjicit
1228 2008 1261 2088 §.
1280 2000 1330 2074 hc
1354 1997 1441 2092 „Tu
1460 1998 1609 2073 sialiter
1632 1997 1828 2092 existimas,
1852 1996 1940 2070 nibil
1961 1998 2108 2092 errabis,
2134 1997 2168 2072 si
2190 1999 2294 2099 paulo
2319 1996 2478 2101 diligen-

483 2111 568 2207 tius,
591 2121 649 2208 ut,
683 2113 770 2214 quid
804 2116 852 2190 sit
874 2113 1054 2216 εὐγένεια,
1082 2114 1168 2217 quid
1193 2117 1239 2191 sit
1261 2115 1448 2210 nobilitas,
1482 2116 1678 2217 intelliges,
1717 2113 1996 2212 Athenodorus,
2030 2114 2207 2191 Sandonis
2240 2115 2352 2213 filius,
2386 2114 2477 2219 quid

443 2278 447 2285 2
485 2227 531 2304 de
554 2228 610 2305 llis
634 2234 742 2308 rebus
765 2231 876 2328 dicat,
899 2231 1129 2309 attenderis.“
1179 2233 1237 2309 Ad
1264 2260 1370 2336 quem
1391 2236 1507 2308 locum
1530 2233 1712 2308 Manutius
1732 2232 1773 2306 in
1798 2232 1992 2309 Commeat.
2016 2233 2061 2310 P.
2087 2233 2117 2311 Ι.
2144 2234 2476 2335 praelumque

486 2347 781 2444 wyttenbachius
803 2349 850 2425 ad
881 2352 1059 2426 Plutarchi
1081 2351 1342 2456 Apophthegm.
1367 2352 1450 2428 Vol.
1476 2351 1525 2428 II.
1550 2379 1589 2452 p.
1606 2357 1696 2430 402.
1717 2349 1819 2451 Lips.
1836 2352 1923 2426 nihil
1946 2350 2106 2427 dubitant
2125 2360 2301 2451 statuere,
2326 2351 2479 2429 cicom-

486 2468 630 2543 nianum
655 2471 753 2543 illum
776 2468 1042 2545 Athenodorum
1062 2496 1139 2546 esse
1162 2470 1341 2568 eumdem,
1368 2473 1429 2572 qui
1454 2470 1498 2545 ab
1525 2469 1701 2545 Strabone
1715 2477 1751 2544 ct
1770 2468 1929 2545 Lucieno
1955 2470 2091 2544 dicatur
2114 2470 2268 2574 Augusti
2288 2470 2477 2574 magister.

486 2587 608 2688 Atque
640 2613 681 2663 ea
716 2589 887 2662 sententia
918 2572 1089 2690 perquam
1105 2640 1106 2644 η
1120 2597 1176 2665 est
1197 2589 1405 2691 probabilis.
1455 2589 1602 2689 Neque,
1635 2592 1709 2665 sire
1733 2589 1891 2663 homines
1914 2596 2113 2689 spectamus
2139 2590 2295 2665 siseres
2320 2614 2361 2664 ao
2383 2596 2479 2664 tem·

487 2730 600 2805 pora,
635 2704 827 2809 quidquam
850 2707 967 2782 obstat
992 2734 1062 2808 quo
1086 2709 1202 2784 rninus
1223 2710 1317 2785 hunc
1340 2707 1518 2786 Sandonis
1539 2708 1672 2803 hlium,
1703 2715 1785 2783 ante
1810 2715 1950 2807 tempus
1973 2706 2125 2782 sortasse
2149 2709 2421 2805 ealreseentem,
2455 2732 2479 2784 a

489 2824 660 2900 Cicerone
684 2826 722 2899 in
748 2826 896 2925 epistola
919 2824 967 2898 ad
989 2827 1157 2923 Atticum,
1180 2829 1323 2929 utrique
1346 2828 1609 2921 amicissimum,
1630 2829 1754 2925 jocoso
1778 2833 1929 2904 Caluum
1950 2826 2238 2927 cognominatum
2259 2827 2481 2929 assuspi-

478 2968 622 3047 lcemur.
671 2944 766 3020 Nam
785 2944 950 3019 Tulliana
966 2946 1027 3019 illa
1050 2943 1096 3018 ad
1118 2946 1277 3047 Appium
1298 2946 1490 3021 Pulchrum
1515 2947 1662 3045 epistola
1683 2943 1824 3019 videtur
1849 2952 1951 3019 extra
1973 2968 2114 3019 omnem
2139 2943 2388 3025 dubitationem
2407 2971 2481 3046 po·

486 3088 597 3158 uere,
622 3061 886 3139 Athenodorum
907 3064 1009 3138 illum
1027 3067 1104 3163 jam
1120 3063 1219 3140 ¹tenure
1245 3066 1292 3141 U.
1318 3064 1360 3140 C.
1385 3069 1474 3142 704.
1497 3090 1529 3140 s.
1555 3068 1618 3141 50.
1641 3061 1857 3165 aliquamdiu
1887 3064 2024 3138 Romae
2051 3070 2229 3138 versabrm
2254 3062 2349 3167 apud
2373 3064 2481 3139 nobi·

483 3182 638 3257 lissimos
660 3190 695 3257 et
718 3180 972 3259 eruditissimos
994 3208 1153 3284 quosque
1171 3184 1414 3259 Romanorum
1438 3189 1475 3258 ct
1491 3183 1698 3258 auctoritate
1721 3190 1756 3258 et
1776 3181 1954 3257 doctrinae
1976 3168 2081 3257 laude
2096 3181 2271 3279 floruisse,
2295 3183 2368 3259 nisi
2382 3183 2481 3259 sorte

491 3302 574 3401 quis
606 3301 716 3398 dicu,
750 3302 842 3377 bunc
872 3293 1121 3404 philosophum
1154 3305 1294 3406 utrique
1314 3304 1458 3379 Ciliciae
1478 3303 1710 3398 Proconsuli,
1741 3301 1860 3403 Appio
1885 3305 2031 3403 ejusque
2055 3304 2268 3398 successori,
2300 3302 2481 3399 Ciceroni,

490 3422 646 3521 primum
678 3420 876 3495 innotuisse
906 3429 982 3496 tum
1012 3423 1052 3496 in
1085 3423 1164 3522 ipsa
1188 3422 1277 3497 urbe
1298 3424 1414 3497 Tarso
1436 3419 1551 3496 adhuc
1575 3429 1860 3496 commorantem.
1912 3422 1961 3495 At
1988 3444 2030 3494 ea
2052 3421 2171 3521 opinio
2195 3445 2301 3520 quam
2318 3445 2408 3496 rana
2432 3422 2483 3497 sit

491 3564 533 3614 uc
556 3538 662 3615 rebus
684 3541 971 3641 temporibusque
1005 3550 1199 3643 repugnet,
1233 3566 1304 3616 non
1329 3540 1504 3642 estquod
1528 3540 1690 3641 pluribus
1716 3538 1870 3613 doceam.
1920 3538 1987 3612 Illa
2008 3547 2128 3614 autem
2154 3536 2373 3615 Athenodori
2397 3565 2484 3616 cum

492 3657 664 3735 Cicerone
692 3659 907 3733 landberitas
932 3661 1085 3734 nonnihil
1120 3661 1210 3734 lucis
1235 3659 1382 3760 praebet
1415 3661 1510 3734 ritae
1533 3683 1576 3734 ac
1609 3642 1884 3752 necessitudini,
1915 3683 1984 3758 qua
2018 3658 2221 3760 Augustum
2247 3684 2329 3733 curu
2352 3657 2483 3736 eodem

491 3778 704 3878 philosopho
729 3782 951 3879 conjunctum
973 3778 1082 3853 fauisse
1104 3779 1247 3854 scimm.
1297 3779 1368 3854 Per
1391 3776 1515 3873 illud,
1537 3776 1584 3852 de
1619 3803 1690 3878 quo
1712 3778 1911 3879 loquimur,
1945 3784 2085 3877 tempus
2106 3777 2289 3880 Augustus
2314 3779 2484 3879 pueritiae

492 3921 606 3973 annos
630 3896 787 3972 nondum
809 3923 973 3999 egressus
998 3903 1087 3973 erat.
1135 3896 1245 3971 Eccui
1266 3922 1352 3972 vcro
1377 3898 1557 3981 credibile,
1570 3905 1643 3999 est,
1674 3922 1824 3996 puerum
1849 3896 2009 3997 mmsis
2031 3896 2183 3971 nobilem
2202 3897 2242 3970 in
2266 3893 2485 3998 disciplinam

491 4016 578 4092 tanti
602 4017 799 4118 philosophi
825 4014 946 4091 datum
967 4041 1059 4111 esse,
1082 4016 1287 4116 pracsertim
1307 4040 1401 4112 cum,
1430 4024 1471 4090 ut
1495 4016 1589 4090 inira
1608 4013 1820 4109 docebimus,
1841 4018 1916 4113 jam
1942 4016 2047 4088 alium
2064 4013 2159 4096 dsmri
2186 4039 2306 4090 sectum
2333 4013 2483 4091 baberet

492 4135 753 4238 philosophum,
769 4161 856 4210 suae
865 4135 1064 4236 juventutis
1079 4130 1277 4210 rectorem?
1299 4134 1403 4208 Mera
1418 4142 1472 4209 est
1488 4158 1530 4210 ac
1545 4130 1767 4233 perabsurda
1784 4133 1956 4228 ariolatio,
1971 4158 2042 4235 qua
2058 4131 2307 4209 Athenodorus
2320 4135 2380 4208 ille
2392 4132 2484 4211 adeo

493 4255 715 4358 eloquentiae
728 4252 854 4328 stsrdiis
868 4254 1026 4356 Augusti
1040 4253 1241 4354 praefuisse
1260 4260 1407 4353 putatur
1426 4278 1567 4353 suaque
1589 4275 1675 4325 cura
1694 4252 1862 4346 effecisse,
1880 4260 1919 4326 ut
1943 4252 1988 4326 ab
2007 4254 2074 4328 hoc
2088 4250 2273 4328 duodecim
2292 4253 2354 4327 rix
2369 4277 2486 4328 anno·

493 4400 576 4450 rum
591 4398 701 4474 puero
720 4371 814 4449 Julia
837 4374 914 4447 aria
932 4372 1097 4447 defuncto
1114 4395 1244 4473 magno
1261 4397 1341 4446 curn
1356 4374 1484 4472 plausu
1501 4396 1568 4472 pro
1586 4370 1727 4444 Rostris
1748 4368 1961 4446 laudaretur.
2010 4369 2138 4445 Errant
2165 4372 2270 4446 eham
2290 4372 2348 4473 qui
2362 4371 2487 4446 nescio

494 4518 566 4595 qua
582 4494 785 4567 auctoritate
806 4493 914 4567 voluti
945 4497 1128 4593 procerte
1154 4499 1190 4566 et
1207 4491 1392 4590 erquorato
1413 4497 1566 4585 nument,
1587 4490 1679 4564 bunc
1699 4488 1967 4564 Athenodorum
1995 4488 2203 4590 Apolloniae
2226 4490 2489 4591 philosophiam

409 4664 410 4667 ,
494 4611 658 4687 docuisse
682 4611 803 4713 ibique
824 4611 868 4685 ab
892 4612 1056 4715 Augusto
1077 4605 1231 4686 auditum
1255 4619 1361 4713 alque
1388 4610 1469 4685 hinc
1488 4609 1638 4685 Romam
1664 4608 1856 4685 abductum
1879 4606 2076 4709 suisse.¹⁰⁰)
2127 4609 2200 4710 Qui
2222 4606 2362 4713 quidem
2383 4634 2489 4686 error

565 4833 612 4899 99)
628 4831 758 4886 Nonnulli
772 4832 882 4886 serioris
898 4831 994 4886 aetatis
1012 4830 1171 4910 scriptores,
1193 4834 1223 4883 ut
1239 4830 1355 4898 Glycaa,
1371 4830 1475 4885 Cedre-
1514 4844 1576 4896 pos.
1593 4830 1616 4897 s.
1633 4829 1660 4883 cl.
1676 4827 1776 4882 Philus.
1791 4829 1824 4884 P.
1840 4830 1885 4883 lv.
1901 4846 1929 4898 p.
1945 4830 1998 4884 wll
2013 4846 2054 4899 sq.
2068 4854 2105 4870 -
2124 4830 2237 4884 Praeter
2257 4843 2307 4897 ea,
2328 4845 2397 4898 quae
2411 4827 2489 4886 (iod.

498 4936 563 4988 nas,
581 4917 770 4973 Constantinus
785 4917 925 4970 blanasses
937 4923 966 4970 et
977 4915 1138 4971 Theodorus
1149 4913 1295 4974 hletocbits
1305 4914 1381 4969 illum
1390 4914 1475 4968 Athe-
1516 4914 1640 4967 Olearius
1662 4911 1775 4978 collegit
1796 4911 1825 4966 ia
1847 4913 1925 4967 Notis
1947 4915 1983 4967 ad
1999 4914 2125 4981 Suidam,
2146 4929 2214 4981 quae
2233 4913 2263 4967 ia
2278 4914 2303 4968 J.
2318 4914 2352 4982 A.
2367 4912 2491 4970 &suut

497 5008 632 5063 nodorum
658 5001 760 5056 iaciunt
780 5000 999 5055 Alexandrinum.
1034 5000 1121 5053 Multo
1149 4998 1280 5068 potiorem
1304 5004 1391 5051 autem
1413 5014 1475 5052 esse
1515 4990 1668 5067 Observatt.
1691 4996 1721 5050 iu
1735 4996 1872 5067 Aristoph.
1888 4998 1959 5053 Nub.
1981 5005 2009 5054 et
2023 4996 2133 5067 Josepbi
2147 4997 2237 5066 Antiq.
2256 4997 2380 5052 Judaicas
2396 4997 2489 5068 (Lips.

452 5134 462 5147 ,
499 5087 641 5148 strabonis
657 5084 856 5151 auctoritatem,
870 5085 926 5151 jam
942 5084 1070 5138 monitum
1087 5087 1128 5137 est
1144 5082 1242 5137 avitis
1258 5083 1366 5150 Doctis,
1383 5083 1428 5152 qui
1439 5083 1474 5136 de
1516 5082 1593 5136 1700.
1609 5079 1648 5148 0.)
1664 5082 1803 5149 lemnus,
1820 5084 1904 5136 multa
1920 5084 1955 5136 de
1966 5082 2018 5137 hoo
2028 5081 2203 5136 Athenodoro
2219 5081 2354 5149 congessit
2360 5081 2492 5137 Harken-

497 5178 547 5232 lito
568 5170 729 5244 philosopho
751 5169 904 5237 siugulatim
919 5170 1096 5240 scripsemnt,
1118 5173 1149 5222 ut
1163 5169 1206 5223 Jo.
1224 5167 1272 5223 Fr.
1288 5168 1475 5237 Hoffmannm,
1515 5166 1618 5220 rothius
1639 5165 1669 5220 in
1683 5165 1886 5222 Nor.'btis0ell.
1908 5168 2023 5221 Observ.
2045 5168 2125 5221 Tom.
2141 5167 2163 5221 1.
2179 5183 2207 5236 p.
2223 5165 2258 5220 40
2273 5181 2435 5236 equesque
2451 5170 2491 5225 ad

499 5260 575 5330 ujus
593 5253 786 5325 Disputatiouis
807 5254 839 5307 de
857 5253 1024 5307 Athenodoro
1042 5254 1190 5317 Torserat,
1209 5252 1362 5321 philosopho
1383 5253 1475 5306 Stoico
1516 5266 1646 5305 annorum
1661 5251 1783 5304 ordinem
1799 5251 1940 5320 quemdam
1955 5251 2067 5305 mirifico
2078 5266 2143 5304 sane
2155 5249 2414 5313 aonmiaesorocare
2430 5258 2493 5308 stu-

492 5344 589 5415 ,fflps
605 5341 681 5396 lieu
697 5338 737 5409 4.)
758 5337 928 5393 sommarium
949 5337 1025 5404 dedit
1044 5337 1185 5392 Harlesius
1207 5338 1243 5390 ad
1265 5329 1386 5391 Fabricii
1404 5337 1475 5391 Bibl.
1516 5335 1587 5403 duit,
1603 5334 1633 5389 in
1648 5335 1723 5401 cnjus
1739 5335 1897 5402 conjecturis
1913 5335 2098 5389 examinandis
2113 5335 2302 5403 erroribusque
2316 5334 2492 5395 confutandis

485 5431 553 5484 'Gr.
575 5427 635 5481 Vol.
657 5425 703 5479 111.
718 5442 746 5496 p.
769 5423 846 5486 0404
873 5438 955 5492 porro
977 5421 1070 5476 Abbas
1087 5420 1206 5477 sevinus
1225 5419 1254 5476 iu
1274 5423 1419 5478 moolers
1441 5422 1473 5474 dc
1514 5418 1581 5474 nihil
1597 5435 1697 5488 operae
1712 5420 1864 5490 ponendum
1881 5420 1955 5476 duxi.

499 5507 659 5578 l'lcsdtnle
672 5511 719 5566 dea
734 5510 819 5565 lesor.
836 5506 916 5564 Tum.
932 5505 1005 5562 Xlll.
1020 5523 1049 5575 p.
1064 5505 1203 5574 ott-ol„
1218 5504 1294 5571 cujus
1301 5506 1473 5575 scriptorem
1582 5504 1644 5573 100)
1661 5504 1739 5559 Hanc
1753 5504 1911 5558 sententiam
1926 5503 2047 5573 inprimis
2061 5505 2087 5560 1.
2103 5503 2138 5561 F.
2153 5503 2330 5558 Hotlmanms
2344 5503 2373 5558 in
2387 5504 2494 5577 Dispu-

500 5598 530 5655 u
544 5607 693 5652 sermm
709 5589 1186 5661 Germanicamtranslntamlepimus
1200 5589 1473 5648 inllissmanailts-
1503 5593 1561 5648 tat·
1577 5591 1610 5645 de
1625 5588 1793 5647 detrudor·
1811 5589 1942 5645 Torserat
1957 5586 2050 5659 §.vu
2064 5586 2102 5646 N.
2117 5604 2143 5645 s.
2159 5588 2242 5658 plh-
2258 5589 2423 5659 umus
2439 5592 2493 5650 arl-
