5717 6575
1195 570 1718 723 immensvmssua'
2178 683 2181 694 ·
2367 641 2442 718 τοι

591 820 830 904 Brevissima
853 819 1012 900 omnium
1034 821 1100 900 bae
1122 820 1169 899 de
1189 847 1255 920 re,
1285 819 1374 920 scd,
1397 829 1439 900 ut
1465 846 1533 926 cgo
1554 822 1699 925 opinor,
1726 823 1880 927 Augusti
1902 825 2048 902 consilio
2069 835 2106 903 et
2126 825 2234 902 menti
2252 825 2440 928 proximus

391 1012 401 1031 ,
438 942 638 1021 vomendus
662 951 720 1020 est
741 944 944 1048 Appianas,
972 943 1035 1047 qui
1055 947 1101 1021 Β.
1122 943 1165 1020 G.
1189 926 1292 1019 Lilia
1310 942 1366 1020 IV
1365 993 1378 1019 .
1409 968 1443 1019 σ.
1463 947 1551 1020 110.
1573 939 1619 1018 de
1640 944 1761 1044 priore
1789 943 1836 1041 ad
1857 944 2043 1046 Philippos
2071 948 2207 1047 praelio
2237 944 2341 1023 baeer
2373 943 2441 1023 καὶ

435 1061 643 1164 τρέψαντες
669 1059 846 1150 ἐδίωκον,
872 1060 983 1162 με’χρι
1006 1059 1072 1137 καὶ
1096 1057 1142 1138 τὸ
1163 1056 1422 1161 στρατόπεδον
1447 1061 1598 1146 ἐξεῖλον,
1623 1058 1644 1135 ὃ
1668 1058 1800 1142 κοινὸν
1819 1054 1870 1158 ἦν
1883 1061 2073 1163 Ἀντωνίῳ
2103 1091 2144 1140 τε
2175 1062 2241 1140 καὶ
2261 1063 2439 1166 Καίσαρι.

435 1177 628 1280 Καίσαρος
651 1179 771 1258 αὐτοῦ
795 1178 848 1256 δι’
874 1175 1055 1258 ἐνύπνιον
1076 1177 1189 1259 ἔνδον
1213 1178 1285 1258 οὐκ
1311 1177 1433 1266 ὄντος,
1459 1175 1556 1254 ἄλλα
1577 1178 1847 1278 φυλαξαμένου
1873 1178 1947 1280 τῂν
1979 1177 2145 1280 ἡμέραν,
2175 1180 2228 1267 ὥς
2256 1180 2371 1268 αὐτὸς
2396 1185 2438 1261 ἐν

435 1303 515 1385 τοῖς
534 1295 807 1399 ὑπομνήμασιν
830 1297 1007 1401 ἔγραψεν.
1076 1300 1233 1407 Multum
1270 1297 1391 1394 abest,
1417 1304 1459 1374 ut
1490 1324 1572 1373 cum
1599 1297 1814 1375 casaubono
1841 1297 1888 1373 ad
1914 1299 2063 1376 Sueten.
2089 1328 2120 1376 e.
2136 1305 2200 1380 91.
2232 1303 2439 1411 Appianum

433 1419 503 1496 beo
525 1421 565 1494 in
584 1444 624 1494 re
647 1417 821 1529 obscurae
843 1417 1029 1495 brevitatis
1047 1444 1149 1494 reum
1172 1417 1320 1524 iaciam3
1350 1425 1390 1493 ut
1413 1443 1563 1520 prorsus
1584 1420 1758 1494 assentiar
1774 1418 2088 1521 Schweigbiusero
2109 1420 2190 1496 Vol.
2206 1421 2279 1498 llI.¹
2295 1450 2334 1523 p.
2348 1425 2442 1501 849.-

434 1547 532 1616 recte
557 1539 734 1633 mouenti,
762 1562 869 1639 posse
896 1536 1004 1638 hujus
1033 1537 1156 1640 praelii
1180 1536 1438 1635 narrationem,
1478 1561 1585 1638 quam
1612 1538 1822 1614 Plutarchus
1854 1546 1891 1614 et
1918 1539 1989 1614 Dio
2012 1538 2184 1637 habeant,
2206 1556 2256 1616 ex
2274 1541 2441 1642 Appiano

434 1660 572 1761 passim
595 1657 759 1735 illustrari
784 1656 1028 1758 suppleriquc.
1087 1655 1168 1758 Ego
1191 1657 1286 1757 enim
1311 1657 1350 1731 in
1373 1651 1452 1732 eam
1471 1655 1688 1758 propendeo,
1707 1657 1937 1755 seutentiam,
1980 1684 2050 1761 qua
2072 1659 2276 1761 Appianum
2295 1662 2332 1736 in
2352 1660 2438 1736 belli

433 1779 673 1880 Philippensis
700 1776 902 1852 narratione
923 1782 1036 1850 totum
1057 1774 1276 1876 pependisse
1303 1775 1453 1852 arbitrer
1475 1775 1520 1850 ab
1543 1776 1724 1877 Augusto.
1773 1778 1879 1854 Hunc
1897 1784 2015 1852 autem
2032 1779 2197 1879 suspicor
2218 1782 2256 1855 in
2277 1787 2436 1880 eapurte

434 1903 516 1973 των
533 1889 835 1994 ὑπομνημάτων,
854 1894 893 1968 in
909 1892 1039 1995 quade
1057 1894 1118 1998 illo
1134 1892 1226 1969 bello
1237 1882 1373 1996 egerat,
1391 1897 1550 1971 consulto
1570 1896 1724 1995 priorem
1740 1883 1897 1998 pugnam
1918 1893 2061 1971 brevius
2078 1895 2186 1971 modo
2210 1897 2435 1997 exposuisse,

434 2014 673 2120 posteriorem
691 2020 808 2088 autem
831 2014 1008 2113 aliquanto
1029 2013 1203 2113 copiosius
1225 2018 1407 2091 tractasse.
1457 2013 1500 2088 ln
1523 2014 1642 2113 priore
1666 2016 1799 2116 praelio
1823 2015 1933 2089 multa
1954 2015 1988 2090 ei
2006 2016 2227 2116 improspere
2245 2023 2436 2110 cesserant,

416 2136 545 2211 -umBa
567 2160 651 2210 cum
674 2134 825 2206 aliorum
845 2133 976 2235 iniquis
1000 2130 1241 2227 sermonibus,
1272 2139 1349 2207 tum
1367 2131 1528 2232 inprimis
1553 2133 1610 2210 Μ.
1625 2133 1774 2209 Antonii
1794 2135 1977 2209 malevolis
2000 2134 2310 2211 obtrectationibus
2330 2141 2436 2234 atque
2537 2201 2546 2212 .

433 2252 597 2357 gnariae
623 2259 660 2328 et
684 2251 880 2328 timiditatis
908 2250 1212 2326 eliminationibus
1238 2257 1447 2350 patuerant:
1473 2250 1547 2329 rid.
1569 2277 1679 2354 supra
1699 2263 1732 2345 a.
1746 2258 1785 2330 4.
1804 2252 1840 2353 p'.
1857 2258 1945 2332 208.
1996 2252 2220 2356 Quamquam
2246 2255 2284 2329 in
2307 2253 2437 2354 pleris-
2511 2336 2520 2347 ,

430 2398 506 2476 ησο
527 2371 694 2448 morbum
721 2377 844 2471 posset
868 2371 1044 2468 caussari,
1075 2376 1194 2445 tamen
1217 2368 1371 2447 fortasse
1395 2369 1507 2446 satius
1532 2371 1717 2472 tutiusque
1741 2370 1865 2467 duxit,
1889 2372 1959 2447 alia
1980 2396 2127 2470 prorsus
2155 2375 2317 2449 omittere
2343 2374 2435 2445 alto-

433 2516 506 2595 que
521 2498 652 2594 tegere
680 2489 821 2566 silentio
849 2497 885 2565 et
908 2490 998 2586 alia,
1015 2514 1118 2591 fqnac
1136 2487 1224 2565 'sibi
1238 2514 1373 2591 suoque
1394 2491 1568 2566 exercitui
1591 2490 1708 2566 nunus
1730 2489 1920 2566 honorifica
1943 2490 2115 2587 fuissent,
2136 2492 2320 2568 verborum
2335 2493 2435 2566 leno·

393 2650 400 2655 ·
433 2611 533 2688 enus
557 2610 721 2713 mitigare
742 2617 777 2684 ct
801 2611 954 2685 elevare.
1004 2607 1048 2682 ln
1067 2607 1133 2683 lrao
1152 2633 1273 2710 pugna
1291 2607 1347 2683 M.
1370 2607 1520 2683 Antonii
1544 2609 1657 2685 virtus
1681 2609 1897 2704 eminuerat,
1930 2611 2149 2709 contra‘ipse
2170 2636 2248 2686 eam
2274 2609 2436 2686 infirmus
2519 2605 2526 2614 ’

434 2728 550 2806 adbuc
569 2727 818 2829 invalidusque
851 2727 1042 2802 edtaverm
1069 2725 1294 2803 tabernaculo
1319 2752 1487 2830 egressus
1511 2735 1548 2802 ct
1579 2729 1737 2803 lecticam
1762 2730 1802 2803 in
1829 2728 1954 2803 castris
1982 2728 2184 2831 relinquens
2205 2730 2290 2832 luga
2313 2738 2350 2804 et
2369 2753 2438 2829 pa·

431 2848 529 2951 ludis
552 2849 691 2924 latebra
713 2848 822 2923 vitam
850 2853 1073 2923 servaverats
1106 2845 1202 2948 quod
1231 2845 1362 2921 iactum
1396 2847 1522 2922 merito
1545 2846 1638 2922 inter
1665 2844 1741 2948 ejus
1762 2847 1982 2922 infelicitates
2012 2848 2131 2923 retulit
2154 2848 2290 2924 Plinius
2314 2845 2361 2923 Ν.
2387 2846 2435 2922 ll.

430 2966 536 3049 Liar.
553 2969 640 3046 VII.
665 2993 696 3043 c.
712 2969 776 3045 45.
802 2966 1000 3062 §.148.⁵2)
1050 2965 1101 3040 At
1123 2963 1217 3040 idem
1238 2964 1469 3040 infortunium
1490 2966 1696 3067 Augustus,
1727 2973 1897 3068 qnantum
1922 2991 1970 3041 ex
1985 2966 2145 3066 Appiani
2162 2968 2299 3043 silentio
2319 2964 2435 3066 colligi

428 3090 526 3182 licet,
570 3087 613 3163 ἐν
645 3089 724 3169 τοῖς
756 3082 1004 3184 ὑπομνήμασι
1036 3110 1182 3186 prorsus
1224 3084 1416 3160 obticuerat
1443 3090 1565 3187 utpote
1592 3084 1701 3161 variis
1732 3085 1995 3161 malevolentiae
2026 3082 2372 3187 interpretationibus
2400 3090 2442 3157 et

428 3207 628 3312 opprobriis
650 3206 857 3283 obnoxium.
2360 3303 2365 3312 ⁵
2414 3210 2437 3252 '¹³

600 3328 682 3403 linc
695 3326 811 3401 refero
827 3322 1462 3425 ctiamsupcrioremAppianilocum,
1471 3324 1533 3423 qui
1543 3324 1714 3401 obscurae
1725 3322 1903 3399 brevitatis
1916 3332 2101 3426 accusatus
2115 3326 2239 3401 ceteris
2254 3305 2438 3428 scriptoria

428 3450 497 3527 bna
512 3445 665 3552 quodam
675 3443 778 3520 modo
792 3450 976 3545 repugnat.
992 3440 1155 3517 Prudens
1162 3441 1312 3519 lortassc
1319 3443 1505 3544 Augustus
1519 3442 1571 3517 ibi
1584 3450 1740 3519 mouerat
1751 3468 1882 3517 nomen
1896 3444 2145 3544 consiliumque
2160 3443 2293 3519 Artorii
2307 3438 2435 3518 medici

429 3568 498 3647 sibi
512 3569 575 3646 soli
591 3549 833 3643 vindicaturus
849 3561 1037 3657 somnium,
1063 3586 1132 3663 quo
1145 3587 1264 3664 pugna
1277 3561 1405 3638 abesse
1419 3568 1455 3637 et
1469 3568 1587 3637 eastra
1600 3563 1712 3639 vitare
1731 3566 1856 3662 jussus
1872 3570 1980 3640 esset.
2028 3562 2163 3638 Verum
2181 3562 2218 3638 iu
2235 3543 2437 3663 posteriorc
2459 3565 2464 3573 '

428 3688 578 3791 praelio,
588 3685 683 3788 qood
689 3684 831 3783 utrique
841 3682 1046 3757 Triumviro
1062 3707 1143 3755 cum
1155 3685 1346 3781 unoBruto
1359 3688 1447 3776 erat,
1462 3680 1604 3756 uberior
1619 3680 1830 3783 suppetebat
1842 3680 1957 3758 laudis
1971 3682 2130 3759 materia.
2153 3684 2310 3784 Uterque
2324 3707 2372 3757 ex
2390 3703 2435 3755 aa

430 3808 642 3884 discesserat
663 3804 792 3893 rictor3
824 3801 1013 3902 Augustus
1035 3800 1233 3901 legionibus
1257 3799 1333 3875 arsis
1356 3799 1495 3874 initium
1519 3801 1744 3902 palmamque
1767 3801 1933 3876 victoriae
1958 3800 2145 3876 attribuere
2169 3808 2328 3902 poterat3
2352 3802 2434 3900 ipse

428 3926 530 4003 duda
553 3923 677 4000 munia
701 3928 844 3996 strenue
870 3918 1005 3994 obierat
1028 3926 1064 3993 et
1095 3918 1176 4020 ipso
1200 3942 1343 4020 pugnae
1365 3916 1425 3992 die
1449 3918 1485 4001 ἒς
1509 3917 1630 4017 με’σην
1651 3915 1775 3995 νύκτα
1800 3916 2000 4012 πονηθεὶς,
2034 3916 2249 4017 ἀνεχώρησε
2273 3915 2338 3994 dcci
2360 3913 2433 4010 τὴν

428 4042 568 4132 νόσον,
605 4039 798 4140 Νωρβανῷ
841 4033 1050 4137 φυλάσσειν
1078 4033 1275 4137 παραδοὺς
1314 4033 1359 4111 τὸ
1400 4032 1669 4134 στρατόπεδον.
1729 4038 1828 4113 llaec
1856 4038 2044 4139 Appianas
2073 4034 2123 4116 B.
2151 4037 2193 4114 G.
2227 4035 2331 4115 Libr.
2363 4033 2433 4139 IV.

429 4191 464 4244 c.
490 4166 725 4253 lau-1304
751 4159 840 4233 baec
864 4159 1051 4259 Augmtus
1072 4157 1128 4232 sui
1153 4153 1367 4231 defendendi
1392 4180 1519 4231 caussa
1542 4140 1733 4232 memoriae
1765 4155 1982 4258 prodiderat.
2041 4158 2120 4253 Quo
2154 4157 2247 4232 enim
2271 4165 2433 4255 tempore

429 4284 607 4362 scribebat
623 4278 912 4372 Commentarios,
930 4276 1108 4353 Antonius
1123 4282 1284 4351 mortuus
1298 4283 1374 4350 erat
1390 4300 1455 4350 uec
1469 4274 1576 4349 facile
1590 4275 1740 4351 militurn
1754 4277 1941 4379 quisquam
1952 4284 2146 4378 superstes,
2161 4276 2442 4379 quiPrineipem

394 4479 402 4486 ,
431 4398 619 4500 adsocies
639 4398 836 4476 testimonio
858 4397 989 4473 erroris
1015 4404 1052 4473 et
1076 4393 1261 4473 ementitae
1284 4393 1399 4471 laudis
1424 4401 1546 4494 posset
1562 4419 1766 4497 coarguere.
1795 4395 1923 4497 Neque
1940 4395 2056 4498 magis
2069 4393 2284 4491 mirabimur,
2300 4379 2433 4496 Augu-

430 4528 525 4599 stum
554 4519 654 4595 brevi
682 4525 764 4594 ante
792 4525 942 4595 mortem
971 4514 1040 4593 sibi
1074 4516 1142 4592 soli
1174 4514 1266 4591 banc
1293 4513 1478 4592 victoriam
1517 4511 1766 4615 adscripsiases
1807 4513 1880 4594 vid.
1912 4512 2074 4620 Monam.
2109 4513 2245 4613 Ancyr.
2275 4512 2369 4588 Teb.
2395 4516 2453 4587 l.'

408 4668 468 4719 r.
496 4644 535 4719 9.
566 4639 685 4717 Ghisb.
723 4663 762 4739 p.
790 4635 936 4733 17253)
1624 4671 1628 4677 ·
2088 4656 2098 4678 ‘

394 5067 398 5072 ·
430 5053 500 5106 last.
515 5046 592 5102 libr.
607 5047 643 5101 ll.
666 5061 690 5101 c.
709 5045 735 5102 7.
757 5040 1029 5113 6.12.ρ.274.Β.ε
1062 5040 1195 5111 „modico
1217 5040 1328 5098 Artorio
1345 5039 1404 5099 Mi·
1521 5040 1571 5113 52)
1592 5042 1674 5099 Hunc
1701 5043 1791 5098 loconr
1810 5041 1896 5099 Plinii
1920 5041 2017 5098 iterum
2041 5042 2163 5097 mactabo
2186 5038 2259 5095 intra
2274 5038 2390 5094 llxeura.
2406 5036 2430 5091 l.

430 5151 532 5191 nanae
554 5130 659 5203 species
683 5130 829 5185 obversata
845 5132 904 5196 cst,
931 5142 1062 5195 monem,
1087 5142 1123 5181 na
1145 5131 1256 5196 propter
1278 5127 1403 5198 corporis
1454 5131 1484 5184 et
1498 5129 1637 5199 Agrippae
1659 5132 1689 5184 et
1708 5127 1877 5185 limatis
1897 5127 2082 5184 tesimeninm
2104 5124 2276 5181 maminabo.

430 5217 645 5320 ‘mmmmm
661 5215 759 5271 mi*
780 5228 811 5267 ⁸⁰
834 5216 985 5306 mmim
1000 5212 1112 5269 omn·
1151 5213 1255 5304 lum.
1271 5211 1302 5266 ὴ
1319 5212 1404 5266 ⁸⁶⁶³
1524 5246 1574 5317 bb)
1598 5248 1672 5301 ldem
1691 5246 1877 5317 mendacium,
1898 5264 1958 5319 qno
1979 5244 2096 5315 Augusti
2117 5243 2234 5299 historia
2256 5241 2352 5297 vitiata
2374 5245 2429 5309 art.

429 5307 529 5362 lactuca
545 5304 666 5374 perlatus
682 5305 736 5354 ast:
754 5295 896 5352 eteoclem
914 5294 960 5348 dre
977 5295 1089 5350 aBroto
1108 5303 1198 5352 carus
1214 5300 1295 5366 capta
1312 5295 1404 5352 snnt.⁸‘
1455 5331 1550 5385 Numi.
1597 5348 1628 5385 m
1648 5336 1756 5399 mm
1783 5332 1885 5389 sm·
1914 5333 1962 5393 ’Μ
2000 5330 2112 5389 Momm
2133 5328 2208 5386 Th„
2248 5327 2309 5385 ,m
2342 5326 2429 5383 nv·

431 5391 502 5447 Rem
517 5383 645 5458 eamdem
662 5385 779 5453 ιαὶςεεο
795 5384 897 5439 Florus
915 5378 993 5435 Libr.
1009 5381 1056 5435 lv.
1073 5396 1098 5438 c.
1115 5383 1141 5437 7.
1158 5379 1186 5449 §.
1203 5382 1230 5437 9.
1253 5381 1405 5441 Tertullia-
1456 5416 1494 5475 N·
1509 5414 1538 5474 0·
1554 5349 1667 5473 szpp
1692 5431 1711 5487 p
1737 5415 1799 5477 m
1877 5374 1885 5389 ⁶
1963 5365 1987 5446 ’,
2210 5366 2219 5386 ”
2311 5365 2320 5387 ’

420 5483 486 5531 ‘nos
502 5474 538 5529 de
553 5472 643 5528 Anim.
661 5469 739 5526 e‘ld.
756 5474 785 5524 et
800 5469 922 5524 Zonaras
939 5465 1064 5521 Libull.
1080 5468 1263 5536 c10.,qnos
1281 5482 1407 5536 nmquam
1627 5453 1637 5479 ⁹
1667 5453 1676 5474 ⁹
1713 5453 1721 5473 ⁸

430 5557 550 5628 Augusti
571 5551 606 5609 rei
633 5548 825 5624 ὑπομνήματα
853 5551 957 5620 legisse
983 5549 1150 5620 negaverim.
1190 5549 1235 5606 ct.
1258 5549 1409 5606 Drumsunl

430 5643 507 5703 mlta
523 5644 602 5700 Bon·
618 5643 681 5699 vods
698 5642 732 5701 dd·
755 5657 782 5711 Po
797 5638 859 5696 ιω·
880 5639 917 5695 N·
932 5637 978 5695 ⁰⁷0
