5717 6575
374 604 377 608 '
488 603 539 681 28
664 593 689 615 “’
1191 591 1220 666 1.
1260 593 1322 664 DE
1343 592 1558 667 CAESARIS
1578 593 1775 667 AUGUSTI

488 782 628 863 cordiae
641 780 951 859 oumltI.Antonio
965 781 1130 879 Consule,
1156 807 1263 885 quem
1287 784 1348 860 ille
1370 790 1514 885 praeter
1537 783 1739 886 opinionem
1763 784 1840 861 suis
1857 784 2010 862 oonnliis
2024 780 2273 862 adversantem
2282 781 2484 884 inrcnmah

488 911 526 979 et
550 899 827 978 reconciliandae
848 910 884 977 et
907 900 1165 978 marmandae
1184 905 1325 1003 penitus
1347 904 1562 981 sonuisset.
1610 902 1656 980 ld
1693 912 1811 980 autem
1845 930 1915 1006 quo
1941 904 2036 980 filine
2060 904 2141 979 anni
2163 928 2287 980 meuse
2310 889 2484 1003 creuerit,

488 1020 536 1097 ad
567 1021 741 1122 liquidum
763 1019 904 1121 perduci
937 1028 1068 1122 potest.
1118 1021 1242 1098 Cicero
1264 1027 1431 1124 juvenem
1456 1024 1581 1119 illum,
1608 1025 1689 1099 licet
1713 1026 1791 1123 jam
1813 1023 1975 1100 Caesaris
2000 1024 2142 1099 nomine
2164 1021 2326 1099 odiosum
2349 1021 2420 1099 sibi
2442 1029 2484 1102 et

489 1149 714 1242 suspectum,
745 1148 864 1214 tamen
887 1137 931 1214 ab
954 1139 1057 1214 initio
1080 1146 1203 1240 utpote
1225 1144 1363 1243 magnis
1390 1144 1615 1218 immahrrum
1645 1143 1745 1219 tactis
1769 1143 2020 1244 wntcmpsisse
2043 1142 2163 1243 potius
2184 1167 2292 1245 qnam
2313 1143 2485 1220 musso

488 1259 637 1337 ridetur.
688 1258 792 1354 Nam,
817 1268 995 1360 comperto
1024 1261 1100 1360 ejus
1121 1259 1160 1334 in
1190 1261 1326 1337 Italiam
1349 1260 1486 1358 reditu,
1516 1261 1636 1339 Attico
1667 1260 1770 1338 Libr.
1789 1263 1892 1338 xlv.
1919 1261 1991 1363 Ep.
2012 1265 2051 1341 6.
2082 1268 2173 1353 §.l-
2197 1256 2335 1338 'mense
2363 1259 2484 1362 Aprili

490 1377 608 1454 medio
630 1378 773 1452 scribite
794 1379 877 1474 „De
899 1377 1047 1464 Octavio
1073 1404 1204 1487 susque
1229 1379 1379 1480 deque.“
1428 1380 1477 1456 Et
1500 1406 1583 1457 erun
1606 1382 1760 1457 Romam
1775 1381 1833 1456 ille
1857 1381 2030 1477 venisset,
2064 1379 2235 1456 'lironem
2257 1380 2359 1456 Lihr.
2376 1378 2485 1458 XVI.

490 1496 564 1599 Ep.
583 1502 646 1574 24.
668 1506 699 1588 t.
717 1501 755 1579 2.
776 1503 901 1601 rogat,
924 1504 965 1572 ut
1008 1495 1055 1573 de
1091 1499 1241 1599 puhlicis
1275 1499 1394 1575 omnia
1416 1498 1484 1576 sihi
1508 1507 1606 1575 certa
1633 1501 1787 1576 nuntietr
1823 1498 1910 1602 quid
1939 1499 2131 1596 Octavius,
2168 1498 2256 1602 quid
2282 1498 2486 1593 Antorim

493 1641 586 1718 quae
608 1616 791 1692 hominum
814 1615 954 1720 opinio,
977 1616 1062 1718 quid
1082 1617 1240 1694 futurum
1264 1625 1389 1720 putet·
1424 1618 1545 1720 Atque
1565 1619 1753 1722 Augustus
1778 1643 1851 1726 non
1874 1625 2011 1720 poterat
2032 1644 2105 1695 non
2133 1617 2182 1696 ab
2212 1619 2314 1696 initio
2340 1615 2487 1696 arbom

493 1736 603 1813 {idere
625 1761 667 1810 ac
691 1742 790 1810 cauto
816 1736 1062 1837 suspicacique
1088 1722 1221 1813 animo
1235 1763 1314 1814 csse
1341 1737 1379 1813 in
1405 1763 1510 1833 aum,
1546 1764 1653 1839 quem
1675 1740 1783 1814 seret
1807 1736 1941 1813 Idubus
1961 1737 2107 1813 Martiis
2130 1736 2261 1840 gaudio
2286 1739 2487 1827 exsultem

495 1863 532 1933 et
560 1855 742 1931 etiamtum
762 1855 988 1931 vehementer
1013 1858 1204 1960 conqueri,
1232 1854 1327 1959 quod
1350 1855 1397 1931 cd
1417 1857 1674 1958 pulcherrimas
1696 1859 1792 1932 illius
1820 1853 1890 1930 diei
1910 1848 2032 1956 epulas
2056 1882 2128 1933 non
2152 1858 2319 1932 inritatus
2341 1855 2487 1932 fnisset.
2549 1880 2551 1885 ’

494 1975 618 2076 Itaque
639 1975 748 2049 artior
772 1972 947 2075 quaedam
967 1975 1058 2050 inter
1082 1977 1316 2054 Consularem
1340 1984 1376 2051 et
1390 1976 1579 2052 Dictatoris
1601 2003 1713 2077 nuper
1735 1973 1910 2051 interiecti
1929 1972 2095 2050 heredem
2113 1973 2338 2051 mccsmhrdo
2358 1972 2489 2075 primis

495 2101 578 2196 post
602 2094 706 2195 hujus
731 2091 888 2168 reditum
910 2095 955 2168 ab
976 2096 1165 2196 Apollonia
1191 2093 1371 2171 mensibus
1400 2097 1498 2170 nullo
1529 2105 1633 2196 pacto
1662 2119 1742 2170 esse
1770 2102 1920 2193 poterat.
1981 2092 2028 2170 Id
2055 2119 2182 2169 verum
2213 2119 2314 2189 oese,
2350 2094 2408 2169 rel
2439 2115 2490 2169 ea

498 2211 645 2307 docent,
671 2236 764 2313 quae
786 2211 844 2288 die
865 2211 934 2289 IV.
956 2212 1044 2291 Idus
1065 2215 1190 2293 lunias
1213 2215 1309 2289 illius
1339 2215 1424 2289 euni
1446 2216 1596 2315 legimus
1626 2237 1675 2287 ex
1696 2213 1834 2287 Antiati
1863 2213 1993 2311 scripta
2025 2210 2073 2287 ad
2096 2211 2258 2289 Atticum
2281 2210 2383 2288 Lihr.
2398 2209 2490 2290 XV·

497 2329 614 2432 Epist.
634 2335 692 2407 12.
718 2341 751 2421 §.
770 2336 830 2407 2.r
852 2331 1085 2428 „Octauiana
1110 2342 1151 2407 ut
1174 2335 1354 2434 perspexi,
1377 2335 1464 2410 sahs
1487 2333 1637 2435 ingenii,
1668 2333 1753 2408 satis
1777 2332 1902 2407 arrimir
1935 2329 2187 2432 videbaturque
2222 2353 2309 2431 erga
2343 2336 2489 2405 nostros

497 2445 625 2549 ἥρωας
647 2448 700 2523 ite
722 2448 821 2545 lore,
844 2459 885 2524 ut
910 2477 977 2528 nos
1003 2455 1194 2547 vellemus,
1218 2454 1405 2529 ammaum.
1454 2449 1528 2529 Sed
1553 2450 1641 2552 quid
1660 2451 1767 2526 aetati
1791 2446 2005 2526 credendum
2031 2451 2097 2546 sit,
2121 2449 2210 2551 quid
2231 2448 2375 2545 nomini,
2401 2443 2489 2550 quid

498 2567 705 2662 hereditati,
730 2568 816 2668 quid
840 2565 1058 2665 κατηχήσω,
1083 2572 1203 2673 magni
1225 2573 1363 2647 consilii
1387 2580 1453 2648 est.
1504 2570 1661 2647 Vitricus
1682 2569 1824 2670 quidem
1854 2568 1940 2644 nihil
1969 2555 2156 2662 censebat3
2192 2592 2298 2669 qrem
2328 2567 2491 2643 Asturae

499 2684 669 2762 vidimus.
719 2686 793 2760 Sed
817 2694 935 2764 umen
959 2688 1105 2764 alendus
1127 2698 1272 2786 estrat,
1295 2698 1334 2766 ut
1359 2691 1446 2765 nihil
1469 2689 1587 2787 aliud,
1614 2689 1661 2763 ab
1683 2689 1838 2764 Antonio
1866 2685 2116 2789 sejungendus.
2162 2686 2353 2762 blnrcellus
2377 2710 2490 2787 prae·
2558 2746 2572 2760 ..

503 2806 616 2899 clare,
642 2805 675 2879 si
698 2806 871 2906 praecipit
893 2833 1002 2909 puero
1026 2806 1071 2886 de
1088 2810 1251 2886 nostrisa·
1269 2809 1327 2885 cui
1352 2808 1498 2910 quidem
1518 2809 1578 2882 ille
1602 2805 1742 2882 deditus
1765 2807 1859 2897 mihi„
1874 2804 2068 2882 videbatur.
2121 2805 2262 2880 Pansae
2295 2812 2417 2880 autem
2452 2811 2492 2879 et

500 2921 614 2998 Hirtio
637 2949 710 2997 non
735 2925 849 3001 nimis
879 2924 1054 3002 credebat.
1102 2929 1205 3017 Bone
1234 2926 1391 3023 indoles,
1426 2921 1496 3002 aaa
1526 2921 1743 3025 daupeiapf‘
1759 2925 1811 3022 61)
1861 2923 1944 3025 Quo
1977 2925 2014 2998 in
2045 2927 2123 2999 loco
2157 2931 2295 2998 mutum
2322 2922 2425 2998 abest
2449 2928 2493 2998 ut

503 3038 697 3142 quidquam
720 3042 930 3138 inveniatur,
954 3042 1051 3146 quod
1074 3044 1178 3124 nobis
1202 3046 1406 3121 interiooem
1431 3043 1619 3146 quamdam
1644 3041 2070 3139 officiorum,studi0rum
2090 3043 2376 3143 voluntatumque
2392 3066 2493 3116 corn·

505 3160 707 3234 munionem
727 3168 788 3236 aut
807 3162 930 3238 initam
945 3167 1022 3263 jem
1049 3190 1181 3266 operae
1205 3190 1249 3240 ac
1273 3165 1497 3241 concliorum
1519 3164 1560 3238 in
1578 3162 1759 3262 republica
1780 3163 1982 3237 societatem
2005 3159 2181 3255 ostendat3
2207 3162 2313 3236 etiam
2333 3163 2411 3235 laus
2428 3159 2494 3233 illa

504 3277 646 3380 ingenio
669 3277 826 3382 Augusti
850 3289 885 3357 et
906 3284 1023 3359 animo
1047 3284 1361 3360 tributa'animum
1382 3280 1501 3386 prodit
1513 3281 1665 3357 invidiae
1681 3279 1796 3357 adhuc
1814 3290 1852 3357 ct
1865 3280 2075 3382 suspicionis
2090 3280 2346 3383 plenissimum.
2386 3271 2494 3354 llnnd

505 3398 654 3473 obscura
687 3408 807 3474 autem
840 3401 963 3477 insunt
995 3402 1126 3479 indicia
1154 3402 1245 3499 odii,
1279 3428 1349 3505 quo
1386 3401 1510 3478 Cicero
1535 3403 1611 3502 jem
1639 3410 1716 3476 tum
1747 3402 1785 3476 in
1817 3399 2012 3475 Antonium
2044 3400 2232 3476 ferebatur.
2281 3398 2327 3474 Id
2359 3394 2495 3495 odinrn,

408 3555 411 3560 ·
506 3525 680 3617 quantum
701 3544 781 3593 cre
805 3545 872 3594 sna
897 3520 1054 3596 futurum
1077 3548 1159 3598 esse
1184 3530 1319 3624 posset,
1337 3521 1426 3596 bene
1450 3518 1689 3622 perspiciebat
1709 3520 1909 3623 Augustus.
1950 3518 2083 3620 Quare,
2109 3544 2190 3593 cnm
2212 3518 2318 3593 nullis
2340 3515 2497 3593 consiliis

506 3635 683 3713 mhbusve
705 3636 893 3716 Consule·
918 3640 957 3715 in
979 3666 1144 3717 caussam
1163 3666 1267 3716 snam
1288 3648 1409 3742 posset
1422 3638 1629 3742 perdurare,
1655 3639 1728 3714 veri
1749 3636 1941 3713 admodum
1959 3639 2071 3713 simile
2093 3645 2160 3733 est,
2175 3637 2293 3738 ipsum
2306 3635 2497 3737 urpivisse,

456 3833 466 3846 κ
506 3760 548 3828 nt
573 3755 775 3833 Consularis
798 3759 892 3863 illius
914 3761 1110 3862 patrocinio
1134 3785 1157 3836 a
1180 3759 1258 3835 suis
1282 3759 1586 3835 commendaretur
1600 3783 1643 3834 ac
1661 3756 1878 3835 traderetur:
1901 3759 1989 3861 tanti
2011 3757 2105 3832 enim
2128 3757 2396 3856 oratorisopere
2409 3753 2498 3856 ipsi,
2545 3782 2547 3784 ’

507 3897 576 3973 quo
602 3876 704 3951 citirm
729 3876 904 3974 Consulis,
930 3877 1121 3954 adversarii
1143 3880 1211 3973 sui,
1237 3878 1444 3978 superbiam
1467 3887 1503 3953 et
1527 3880 1780 3954 contumaciam
1803 3879 1995 3979 frangeret,
2019 3877 2050 3951 si
2074 3901 2146 3950 non
2171 3874 2377 3969 necessaria,
2400 3880 2498 3948 certe

507 3989 555 4065 ad
579 3999 717 4094 tempus
742 3998 898 4097 perutilis
923 3998 1000 4073 visa
1025 4004 1090 4073 est.
1140 3996 1221 4074 Jam
1243 3999 1419 4073 Antonius
1444 4004 1527 4097 post
1550 3998 1739 4071 orationem
1760 3997 1989 4097 Philippicum
2011 3994 2174 4096 primum,
2197 3994 2258 4070 die
2273 4000 2309 4071 2.
2328 3992 2499 4094 Septem

507 4107 584 4186 bris
610 4112 783 4209 habitum,
814 4116 1037 4191 vehementer
1069 4116 1180 4190 iratus
1216 4115 1381 4191 Ciceroni
1414 4114 1614 4189 inimicitias
1652 4113 1884 4191 denuntiarat.
1936 4112 2019 4214 Quo
2040 4115 2132 4189 iacto
2159 4114 2361 4192 &munes
2386 4135 2500 4187 senex

510 4254 583 4304 non
604 4240 677 4305 tam
699 4231 846 4340 blandis
860 4234 1018 4334 Philippi
1045 4239 1082 4308 et
1105 4233 1263 4308 Marcelli
1288 4234 1455 4334 precibus
1487 4241 1548 4307 ont
1574 4234 1738 4308 simulata
1773 4240 1809 4307 et
1839 4239 1981 4309 remota
2014 4230 2244 4307 adolescentis
2279 4229 2501 4305 observantia

512 4357 718 4447 permotus,
746 4377 851 4451 qnam
876 4352 1021 4426 immani
1044 4349 1200 4453 quodum
1223 4353 1263 4427 in
1290 4353 1482 4427 Antonium
1503 4350 1585 4427 odio
1609 4352 1877 4451 exstimulatum,
1910 4352 2061 4426 oblatam
2082 4348 2151 4424 sihi
2175 4348 2264 4423 hanc
2287 4346 2419 4423 inimici
2442 4346 2501 4423 sui

513 4467 681 4566 puniendi
706 4469 957 4573 affligendique
980 4472 1200 4548 occasionem
1221 4479 1347 4572 parato
1371 4472 1550 4572 ulnamque
1572 4472 1688 4545 animo
1709 4471 1878 4573 arripuit,
1911 4470 1996 4546 nihil
2028 4492 2179 4563 curans,
2216 4492 2323 4568 quarn
2349 4465 2502 4567 tupiter

515 4582 584 4658 hac
606 4589 743 4664 ratione
765 4615 805 4664 se
830 4589 932 4666 daret
956 4617 998 4667 ao
1025 4615 1111 4666 suae
1132 4591 1258 4666 aetatis
1281 4588 1530 4693 dignitatisque
1552 4616 1700 4692 prorsus
1729 4589 1913 4665 immemor
1946 4595 2051 4663 esset.
2111 4586 2203 4662 Nam
2234 4585 2301 4661 iste
2333 4583 2503 4661 libertatis

514 4701 676 4802 publicae
700 4715 811 4783 stator
837 4716 872 4784 et
893 4707 1090 4808 tyrannidis
1117 4735 1221 4807 osor,
1246 4710 1305 4812 qui
1330 4710 1441 4785 amico
1466 4734 1534 4785 suo
1557 4710 1675 4785 Attico
1697 4707 1801 4784 Libr.
1818 4706 1920 4784 xlv.
1944 4706 2059 4807 Epist.
2075 4707 2112 4784 6.
2136 4715 2166 4797 h.
2187 4708 2226 4782 2.
2247 4728 2368 4781 mense
2381 4700 2504 4804 Aprili

516 4821 727 4923 scripseratr
751 4827 882 4923 „Nullo
906 4828 1012 4922 modo
1034 4829 1191 4932 reperio,
1208 4825 1506 4931 quemadmodum
1525 4828 1660 4929 possim
1675 4821 1951 4902 πολιτεύεσθαι.
1983 4824 2079 4902 Nihil
2103 4823 2197 4899 enim
2218 4830 2291 4898 tum
2312 4817 2503 4910 σόλοικον,

518 4963 626 5041 quam
649 4943 977 5044 τυραννοκτόνους
1001 4947 1040 5024 in
1065 4950 1163 5026 coelo
1189 4973 1285 5044 esse,
1305 4947 1447 5047 tyranni
1464 4945 1554 5022 heta
1577 4944 1717 5021 defendi
1725 4947 1764 5038 ;“
1788 4947 1921 5049 aliquot
1940 4944 2119 5035 mensibus
2135 4949 2216 5046 post
2229 4968 2302 5018 non
2319 4936 2506 5039 sentiedrat,

517 5082 599 5135 esse
619 5065 732 5139 multo
756 5060 1041 5166 ooloradrrpoa,
1056 5067 1198 5167 tyranni
1220 5065 1330 5143 hlium
1353 5074 1391 5142 et
1413 5064 1581 5142 heredem
1608 5065 1649 5139 in
1681 5062 1787 5140 fidem
1814 5066 2106 5165 conn'liorumque
2128 5063 2167 5137 in
2192 5051 2369 5163 repuhhca
2387 5057 2506 5134 sorie-

517 5181 627 5254 tatem
651 5183 798 5261 msumil
828 5182 874 5260 ld
898 5193 1032 5283 autem,
1056 5195 1099 5263 ut
1116 5190 1192 5290 jam
1216 5210 1330 5289 supra
1347 5183 1558 5290 significari,
1578 5182 1711 5260 sachun
1728 5180 1870 5258 demum
1888 5190 1942 5259 ast
1962 5207 2083 5258 mense
2100 5181 2193 5258 illius
2209 5180 2291 5256 anni
2303 5175 2506 5281 Septembri
2584 5237 2586 5241 .

517 5308 673 5399 exeunte
696 5310 757 5380 aut
780 5302 923 5381 ineunte
946 5303 1104 5406 Octobri,
1124 5314 1165 5383 ut
1186 5305 1385 5385 certissimis
1400 5305 1524 5408 'ipsius
1548 5301 1729 5380 Ciceronis
1752 5301 1960 5380 testimoniis
1982 5301 2095 5378 evinci
2119 5308 2249 5403 potest.
2297 5297 2342 5375 ln
2362 5295 2508 5399 Philip·

502 5512 510 5522 “
535 5549 546 5567 ,
586 5484 754 5552 ⁰¹)1111100
776 5491 915 5548 Ciceroni·
935 5493 998 5547 loco
1020 5508 1070 5564 pro
1092 5494 1167 5562 vulg·
1188 5493 1215 5549 rt
1242 5493 1374 5563 morafie
1394 5499 1490 5547 rostro
1531 5490 1645 5545 crearis
1666 5489 1792 5545 Virorum
1813 5489 1965 5546 Doctom
1985 5489 2044 5546 sire
2071 5484 2334 5559 interpretationibus
2356 5482 2414 5540 rive
2437 5497 2509 5539 oon·

339 5572 343 5581 “
369 5603 372 5615 ·
518 5570 609 5625 merl
623 5573 715 5646 recept
729 5574 849 5636 Schhtrii
865 5576 1086 5668 mendatiormr,
1102 5594 1171 5650 quae
1186 5577 1251 5634 nihl
1268 5578 1373 5649 quidem
1382 5576 1489 5635 ridetur
1526 5575 1638 5646 iecturir
1653 5580 1801 5648 praestem.
1967 5584 1969 5587 ’
