5717 6575
1191 569 1673 714 submonentem
1851 664 1853 670 2
1951 621 1954 625 ·
2076 663 2079 667 »
2355 625 2433 705 215

431 829 609 882 consensu
633 828 774 904 unoque
797 794 860 877 ord
881 801 1072 880 memoriae
1097 800 1272 905 produnt,
1297 801 1520 878 Triumviros
1544 801 1591 877 ad
1615 802 1811 879 Bononiam
1833 802 1958 880 urbam
1982 805 2193 884 convenisse
2218 807 2257 882 in
2277 796 2431 885 insulam

400 925 530 1001 'fluvii
555 923 761 1025 eujusdam,
795 947 903 1023 quem
935 930 1056 998 tamen
1090 948 1193 998 nemo
1228 947 1352 997 eorum
1386 923 1528 997 nomine
1555 925 1720 1022 appellat.
1752 923 1814 999 Sic
1841 922 1988 1000 Sueten.
2014 927 2112 1030 Aug.
2146 954 2177 1004 c.
2202 931 2280 1023 96,
2311 954 2334 1003 a
2361 955 2431 1031 quo
2494 1012 2500 1022 ,

430 1051 630 1122 eontractae
655 1042 699 1116 ad
724 1042 920 1116 Bononiam
943 1042 1231 1118 Triumvirorum
1256 1042 1379 1142 copiae
1414 1050 1669 1139 memorantur,
1705 1068 1773 1119 nee
1795 1041 1891 1119 flaui
1915 1068 2029 1146 neque
2050 1047 2191 1123 insulae
2214 1047 2431 1124 mentionem

428 1164 513 1240 lacit
536 1167 655 1239 ullam.
689 1163 899 1262 Blutarebus
933 1170 1054 1238 antem
1079 1161 1152 1237 vit.
1177 1162 1291 1239 Cicer.
1318 1187 1350 1237 e.
1375 1164 1439 1239 46.
1474 1156 1646 1263 ἐγίνοντο
1680 1159 1721 1235 αἱ
1736 1156 1911 1262 ,σύνοδοι
1942 1159 2075 1261 μόνοις
2110 1162 2315 1264 ἀπόρρητοι
2344 1166 2432 1268 περὶ

430 1280 544 1359 πόλιν
558 1276 763 1357 Βονωνίαν
784 1279 840 1378 ἐφ’
865 1278 1007 1378 ἡμέρας
1032 1285 1142 1382 τρεῖς,
1169 1279 1235 1356 καὶ
1262 1274 1454 1377 συνῄεσαν
1477 1279 1528 1363 εἰς
1552 1274 1672 1354 τόπον
1695 1276 1782 1355 τινοὶ
1810 1275 1941 1379 πρόσω
1967 1287 2048 1357 τῶν
2070 1281 2339 1383 στρατοπέδων
2361 1313 2431 1362 πο·

429 1408 542 1501 ταμῷ
569 1394 874 1500 περιρρεόμενον,
913 1407 950 1475 et
974 1399 1069 1477 idem
1093 1401 1130 1477 iu
1158 1398 1227 1476 vie
1253 1400 1386 1476 Antan.
1414 1425 1445 1475 e.
1470 1401 1533 1476 19.
1558 1394 1625 1472 καὶ
1651 1394 1900 1483 συνελθόντες
1928 1399 1965 1476 oi
1988 1405 2088 1500 τρεῖς
2117 1405 2170 1485 εἰς
2195 1401 2334 1497 νησῖδα
2359 1432 2430 1481 πο-

428 1526 541 1619 ταμῷ
567 1516 852 1616 περιρρεομένην
859 1568 873 1603 ,
908 1516 970 1593 ἐπὶ
1001 1523 1100 1620 τρεῖς
1131 1517 1273 1620 ἡμέρας
1304 1512 1584 1617 συνήδρευσαν,
1620 1514 1768 1619 denique
1786 1519 1867 1593 Dio
1893 1518 1994 1596 Cass.
2017 1519 2118 1597 Libr.
2143 1521 2278 1597 XLVI.
2312 1549 2343 1600 c.
2366 1527 2430 1603 55.

430 1637 628 1732 συνῆλθον
652 1631 693 1710 δὲ
718 1635 754 1718 ἐς
776 1632 866 1718 τούς
892 1631 1027 1738 λόγους
1050 1635 1097 1712 οὐ
1120 1633 1245 1735 μόνοι,
1273 1632 1368 1710 ἄλλα
1395 1630 1629 1736 στρατιώτας
1655 1633 1886 1736 ἰσαρίθμους
1912 1637 2078 1737 ἔχοντες,
2105 1639 2147 1715 ἐν
2171 1635 2331 1740 νησιδίῳ
2353 1641 2431 1718 τινὶ
2467 1676 2469 1680 ’

428 1762 501 1844 τοῦ
525 1758 699 1852 ποταμοῦ
724 1759 793 1828 τοῦ
819 1751 923 1854 παραὶ
948 1753 1020 1851 τὴν
1043 1752 1249 1832 Βονωνίαν
1274 1752 1561 1855 παραρρέοντος,
1599 1752 1697 1829 aiore
1721 1753 1868 1853 μηδένα
1892 1756 2007 1833 ἄλλον
2030 1754 2249 1858 μηδετέροις
2273 1764 2430 1863 προςγέ·

426 1873 580 1952 νέσθαι.
631 1873 697 1979 llic
723 1872 864 1967 fluvius,
891 1873 1044 1949 Cluverii
1069 1882 1197 1971 mente,
1226 1878 1345 1951 nullus
1369 1874 1460 1950 alius
1484 1877 1538 1950 est
1562 1898 1671 1976 quam
1692 1875 1851 1968 Rhenus,
1875 1874 1921 1950 de
1945 1901 2015 1978 quo
2040 1876 2181 1952 Plinius
2203 1876 2250 1953 N.
2264 1879 2310 1975 ll.
2329 1879 2428 1956 Lihr.
2480 1882 2486 1909 ⁵

427 1993 534 2073 XVI.
560 2017 591 2068 o.
617 1995 680 2071 36.
705 2004 737 2085 6.
766 1995 852 2071 161.
877 1990 939 2069 Sa
973 1996 1117 2090 „nullus
1138 1995 1274 2094 sagittis
1300 1994 1412 2094 aptior
1434 1995 1611 2089 calamus,
1638 2019 1744 2094 quarn
1768 1995 1805 2067 in
1829 1994 1955 2071 Rheno
1978 1995 2195 2071 Bononiensi
2215 2003 2359 2097 arnne“,
2393 2008 2429 2074 et
2560 2020 2565 2027 ·

428 2115 541 2193 Silius
564 2112 645 2187 Ital.
671 2111 770 2187 Libr.
793 2111 891 2188 Vffl.
918 2140 955 2190 r.
978 2115 1088 2190 599.ι
1127 2115 1323 2214 „parviqne
1345 2113 1505 2187 Bononia
1528 2112 1673 2188 Rheni“
1688 2114 1753 2210 38),
1791 2113 1854 2186 ubi
1876 2142 2015 2212 paruus
2048 2112 2094 2190 ob
2127 2119 2370 2219 cognominem
2391 2120 2429 2194 in

430 2232 624 2313 Germania
645 2230 792 2317 fluvium
817 2231 930 2308 audit.
969 2231 1045 2309 Sua
1066 2234 1160 2307 enim
1184 2240 1308 2307 natura
1333 2231 1421 2307 satis
1447 2258 1598 2333 magnus
1622 2240 1688 2327 est,
1718 2238 1812 2308 certe
1837 2236 1952 2333 major
1976 2231 2138 2330 Lavinio,
2165 2237 2225 2337 qui
2247 2237 2461 2314 Bononiae‘

429 2351 577 2427 dimidio
600 2352 750 2450 propior
771 2376 876 2451 quam
901 2352 1063 2428 Mutinae
1087 2352 1213 2427 eodem
1237 2353 1274 2426 in
1300 2358 1415 2427 tractu
1441 2350 1530 2428 fluit.
1582 2350 1704 2450 Quare
1730 2351 1894 2427 Cluverio
1920 2360 2056 2428 eertum
2079 2350 2232 2451 videbrr,
2263 2356 2308 2431 ab
2333 2357 2427 2430 anti-

430 2473 512 2575 quis
535 2471 604 2545 illis
625 2471 860 2569 scriptoribus
886 2471 1050 2563 Rhenum
1074 2470 1112 2548 fl.
1138 2470 1330 2572 significari
1355 2468 1499 2572 ejusque
1524 2469 1671 2554 indicari
1698 2471 1869 2567 insulam,
1902 2497 1992 2573 quae
2016 2470 2189 2576 hodieque
2222 2472 2292 2550 duo
2317 2475 2426 2550 millia

430 2617 603 2694 passuum
628 2616 651 2662 a
675 2590 838 2665 Bononia
861 2590 948 2664 urbe
975 2589 1149 2691 disjuncta
1173 2615 1194 2664 a
1220 2590 1345 2665 Rheno
1371 2588 1640 2665 circumlinatur.
1653 2591 1701 2688 39)

582 2710 633 2781 At
661 2734 746 2784 vero
778 2709 860 2783 huic
891 2709 1066 2808 opinioni,
1096 2735 1201 2811 quam
1225 2709 1411 2785 Cluverius
1440 2709 1556 2784 multis
1579 2711 1772 2809 persuasit,
1804 2735 1877 2798 non
1902 2735 2014 2811 pauca
2044 2718 2130 2786 sunt
2162 2738 2254 2812 quae
2278 2712 2426 2790 adversa
2473 2765 2508 2794 κ,

428 2830 548 2905 fronte
573 2829 708 2927 opponi
734 2836 883 2928 queant,
921 2838 957 2903 at
983 2853 1143 2902 eversam
1168 2829 1325 2930 Appiani
1347 2827 1456 2904 tidem
1487 2834 1701 2925 sustentent,
1741 2829 1778 2902 in
1805 2829 1910 2904 rebus
1937 2832 2147 2930 praesertim
2175 2834 2424 2934 geographicis

429 2948 671 3048 conspicuam,
689 2948 727 3021 in
743 2947 869 3086 quibus
888 2946 1028 3048 quidem
1049 2946 1143 3048 apud
1158 2957 1293 3026 veteres
1307 2949 1521 3050 geometrica
1542 2948 1778 3023 recentiorum
1806 2946 1983 3048 ἀκρίβεια
2006 2976 2143 3050 neque
2143 2959 2198 3026 est
2220 2977 2284 3026 nee
2303 2953 2425 3052 quaeri
2533 2970 2535 2975 '

396 3072 558 3170 potest.
570 3067 744 3140 Primum
758 3067 1041 3142 enimillaRbeni
1055 3067 1517 3169 insulaTriumvirisneque
1535 3067 1608 3143 situ
1623 3074 2010 3169 opportrmanequerer
2001 3066 2425 3146 destinataeaecommo-
2494 3126 2512 3161 ,-

431 3186 515 3262 data
540 3184 651 3260 rideri
674 3193 823 3285 poterat.
874 3183 934 3259 Ad
958 3185 1159 3260 habendum
1183 3194 1357 3263 secretum
1383 3186 1478 3262 istud
1503 3188 1715 3289 colloquium
1737 3188 1786 3262 illi
1810 3213 1882 3263 non
1905 3194 2066 3289 poterant
2090 3213 2161 3262 non
2186 3214 2356 3291 quaerere
2382 3216 2425 3265 ae

429 3308 588 3409 deligere
620 3309 739 3381 locum
767 3307 858 3380 inter
891 3308 1078 3407 utriusque
1109 3309 1218 3405 partis
1251 3316 1366 3382 castra
1399 3306 1555 3381 medium
1586 3308 1791 3408 aequalique
1824 3308 1938 3406 spatio
1968 3315 2142 3383 semotum
2171 3307 2217 3382 ab
2242 3311 2425 3413 utriusque

429 3428 530 3505 urbis
556 3425 683 3500 vicinia
707 3425 958 3527 hominumque
983 3425 1191 3526 frequentia.
1241 3425 1323 3503 Jam
1345 3427 1401 3502 M.
1424 3424 1603 3500 Antonius
1629 3432 1664 3499 et
1686 3426 1736 3499 M.
1762 3423 1923 3526 Lepidus
1950 3450 2018 3500 sua
2039 3433 2154 3502 eastra
2177 3425 2353 3506 habebant
2376 3428 2425 3503 ad

429 3547 623 3638 Mutinam,
649 3554 769 3620 contm
791 3546 980 3647 Angustus
1002 3570 1069 3620 sua
1093 3551 1263 3645 posuerat
1287 3543 1333 3618 ad
1351 3544 1558 3642 Bononiam,
1583 3543 1634 3618 ita
1658 3550 1697 3618 ut
1720 3544 1798 3619 illos
1819 3546 1915 3620 viros
1940 3552 2053 3620 aetate
2074 3551 2112 3621 et
2130 3547 2266 3624 meritis
2284 3574 2425 3652 graves,

431 3667 646 3769 oportuisset
670 3666 811 3765 longius
836 3689 858 3739 e
881 3665 1005 3741 castris
1030 3662 1223 3764 procedere
1250 3689 1291 3738 ae
1316 3668 1413 3740 velut
1439 3663 1615 3738 obviam
1602 3688 1658 3737 rre
1678 3661 1878 3775 Augrmto
1865 3667 2004 3765 Juveni‚
2036 3666 2200 3766 quamvis
2236 3671 2316 3767 eJ'us
2344 3668 2425 3745 anni

430 3785 592 3880 Consuli,
618 3781 766 3884 ejusque
792 3784 914 3858 eastris
933 3785 1080 3857 nimium
1096 3783 1400 3884 appropinquare.
1439 3781 1483 3856 Id
1507 3782 1650 3856 minime
1677 3789 1731 3856 est
1755 3783 1965 3857 verisimile
1990 3790 2043 3880 et,
2068 3792 2109 3859 ut
2133 3781 2311 3881 videmus,
2336 3787 2426 3861 Plu·
2433 3877 2436 3891 ‚

430 3907 541 3985 tarchi
554 3902 669 3978 verbis
685 3904 921 3977 eontrarium:
948 3899 1139 3999 συνῄεσαν
1158 3904 1209 3983 εἰς
1227 3898 1346 3989 τόπον
1371 3897 1460 3976 τινοὶ
1483 3897 1717 4001 πρόσωπόν
1742 3898 2021 3999 στρατοπέδων.
2054 3902 2169 4004 Igitur
2192 3906 2304 3979 multo
2327 3929 2426 3980 eom·

430 4024 628 4103 modiorem
653 4015 769 4096 locum
794 4022 866 4096 situ
890 4020 1119 4121 praebere
1085 4047 1139 4096 ers
1161 4020 1275 4121 potuit
1299 4020 1490 4116 Lavinius,
1524 4018 1655 4094 flauas
1685 4020 1860 4121 aliquanto
1890 4022 2061 4095 remotior
2089 4045 2112 4094 a
2135 4022 2294 4097 Bononia
2319 4047 2425 4123 quanr

430 4148 589 4221 Rhenus
627 4141 760 4243 Neque,
786 4148 827 4215 ut
852 4140 1035 4216 Cluverius
1062 4147 1258 4241 argutatur,
1282 4144 1396 4241 maJ‘cr
1418 4140 1588 4240 latiorque
1611 4138 1854 4264 requirebatur
1878 4115 1926 4212 ad
1949 4138 2037 4213 illud
2061 4141 2273 4243 colloquium
2296 4141 2425 4237 insula,

432 4292 537 4369 quam
562 4264 663 4335 alveo
688 4285 754 4335 suo
781 4285 909 4361 capere
931 4260 1103 4360 potuisset
1127 4258 1299 4334 Lavinius
1324 4260 1494 4398 exigups!
1529 4258 1620 4332 Nam
1646 4283 1756 4357 parva
1777 4283 1920 4359 quoque
1944 4258 2061 4334 insula
2085 4285 2196 4360 parvo
2220 4259 2426 4337 ciromnflua

432 4410 535 4462 amne
560 4382 646 4457 satis
673 4382 790 4479 ampla
813 4379 881 4454 luit
905 4387 942 4453 et
971 4378 1015 4452 ad
1041 4381 1147 4453 trium
1173 4380 1384 4479 colloquium
1409 4379 1568 4452 virorum
1592 4375 1741 4453 idonea!
1781 4375 1919 4452 Eadem
1949 4404 1998 4494 ex
2028 4386 2179 4482 utraque
2212 4380 2294 4481 ripa
2320 4380 2424 4508 jungi

432 4508 570 4606 poterat
595 4500 805 4600 pontibus,
793 4524 832 4573 ιιι
857 4498 986 4599 quibus
1012 4497 1120 4573 relicti
1144 4495 1259 4572 fuisse
1284 4497 1446 4571 dicuntur
1471 4496 1611 4580 trecenti
1626 4495 1754 4570 milites
1778 4522 1858 4572 curn
1883 4498 2020 4593 amicis,
2044 4525 2193 4599 quorum
2218 4524 2323 4574 nemo
2346 4523 2424 4572 ser·

431 4648 572 4699 monem
598 4619 883 4694 Triumvirorum
908 4616 1052 4692 auribus
1084 4616 1284 4716 percepisse
1315 4624 1419 4717 atque
1452 4615 1668 4689 intellexisse
1692 4614 1815 4690 lentur.
1865 4615 1945 4689 Non
1970 4623 2025 4690 est
2058 4616 2152 4717 quod
2187 4617 2268 4694 hino
2291 4622 2424 4721 conje-

432 4753 569 4821 cturam
593 4738 768 4813 faciamus
793 4736 845 4810 de·
865 4737 1000 4812 insulae
1026 4735 1290 4838 magnitudine!
1329 4734 1526 4809 Triumviri
1560 4733 1672 4829 eninr,
1710 4739 1750 4806 ut
1785 4759 1833 4808 ex
1860 4736 1942 4833 ipsa
1965 4733 2019 4809 rei
2042 4745 2171 4812 natura
2195 4735 2423 4838 sequebatur,

432 4861 606 4941 submissa
629 4882 717 4933 voce
744 4857 907 4931 eohoeuti
931 4863 1032 4933 suut:
1065 4881 1149 4929 nam
1173 4852 1219 4931 de
1244 4856 1296 4932 eis
1318 4857 1387 4930 Dio
1415 4854 1515 4931 Gaas.
1540 4852 1640 4929 Libr.
1665 4852 1800 4932 XLVI.
1825 4878 1855 4928 e.
1880 4855 1943 4931 55.
1967 4853 2035 4931 ait:
2073 4851 2149 4930 καὶ.
2163 4850 2424 4954 διαλεξόμενοί

436 5007 869 5048 ........-----ι-
1939 4957 1943 4965 ¹
2267 5054 2270 5060 ,

503 5116 551 5192 38)
568 5113 681 5184 Ruperti
699 5114 735 5166 ad
751 5110 778 5169 b.
795 5114 815 5166 l.
836 5111 943 5180 scripsit
960 5110 1053 5164 neseio
1066 5128 1119 5181 qua
1130 5110 1298 5179 auctoritate,
1314 5111 1406 5165 Bono-
1456 5108 1528 5163 riam
1545 5106 1701 5174 Aemilianum
1719 5123 1735 5160 e
1752 5106 1864 5163 meridie
1881 5106 1911 5160 iu
1928 5108 2134 5177 septemtriones
2151 5115 2285 5179 porrecta,
2301 5108 2420 5176 longitu-

434 5207 510 5261 niam
527 5202 598 5255 inter
614 5193 865 5252 fluricsLariuiuni
882 5187 1056 5264 (h.Saoeaa)
1074 5201 1101 5249 et
1117 5194 1243 5248 Rhenum
1261 5194 1406 5265 (hiteao)
1456 5194 1519 5248 diue
1536 5195 1570 5249 V.
1592 5192 1699 5248 circiter
1721 5192 1849 5262 millium,
1876 5192 2021 5247 latitudine
2043 5194 2117 5249 mille
2143 5211 2281 5264 passuum.
2315 5192 2346 5246 ln
2368 5209 2422 5261 qus
2529 5250 2533 5258 .

423 5289 515 5346 ‘sitam
533 5286 630 5340 luisse.
664 5283 808 5336 Caeterum
830 5281 902 5335 idem
924 5273 1039 5334 insulam
1062 5279 1276 5335 'l'rinmrirorum
1299 5279 1406 5349 quaerit
1456 5279 1510 5333 due
1527 5278 1608 5332 hodie
1625 5277 1826 5346 conspiciuntur
1841 5276 1926 5333 riei.“
1952 5277 2006 5336 Qui
2022 5278 2174 5333 Bononiam
2191 5276 2308 5348 amplexi
2325 5276 2421 5330 ‹letan-

435 5392 497 5432 enm
520 5371 581 5426 aliis
603 5370 632 5423 ln
654 5368 761 5424 Rhene
788 5365 979 5420 Recentiorum
1000 5364 1118 5419 maxime
1139 5367 1268 5419 ltnlomm
1295 5366 1330 5418 de
1352 5364 1404 5418 boe
1455 5364 1535 5431 dunt,
1557 5362 1657 5433 trustra
1679 5366 1828 5431 provocant
1849 5363 1885 5416 ad
1901 5361 2105 5433 inscriptionem
2127 5362 2155 5416 in
2172 5378 2238 5429 agro
2254 5360 2421 5416 Bononiensi

434 5474 515 5515 amne
537 5457 649 5523 ejusque
666 5454 769 5521 insula,
794 5468 872 5522 qnam
889 5451 934 5504 rel
949 5448 1086 5503 Rubiconi
1107 5448 1277 5517 tribuebant,
1300 5450 1405 5504 somnia
1454 5454 1606 5518 repertam,
1633 5447 1836 5529 apudJReines.
1851 5449 1921 5503 luso.
1937 5448 2001 5503 Ant.
2019 5448 2061 5502 Cl.
2076 5447 2109 5501 11.
2125 5448 2163 5503 N.
2179 5448 2238 5511 67.;
2265 5463 2344 5515 quam
2365 5448 2422 5517 hp·

434 5546 579 5616 percenset
594 5542 766 5593 Drnmaunns
783 5538 854 5592 Hiet.
871 5538 949 5590 Rom.
967 5535 1028 5589 Vol.
1044 5535 1066 5587 l.
1084 5551 1111 5603 p.
1124 5533 1185 5608 366.
1202 5534 1238 5591 N.
1255 5533 1281 5587 5.
1299 5540 1327 5587 et
1342 5534 1369 5591 7.
1454 5532 1536 5603 piano
1555 5531 1730 5590 recentiorem
1747 5531 1845 5601 rideri,
1862 5532 2070 5600 admonuitjarn
2086 5530 2344 5604 sauromatae.

504 5624 635 5695 eo)„1ua
651 5621 741 5678 Rheni
756 5621 859 5691 imula,
880 5619 967 5691 inquit
983 5617 1140 5688 creverim,
1161 5622 1314 5674 banarersa
1329 5623 1404 5672 secat
