5717 6575
502 634 578 712 tlt
740 668 746 677 ’
1004 685 1007 689 -
1167 631 1247 703 -111.
1288 631 1349 702 DE
1376 631 1591 713 CAESARIS
1611 631 1808 704 AUGUSTI

501 813 640 895 multa?
676 821 768 895 sicut
792 817 975 921 Augustus
1003 824 1176 897 auunculo
1202 849 1267 898 suo
1296 823 1405 899 cessit
1422 823 1590 926 ingenio,
1613 822 1770 900 doctrina
1794 828 1830 899 et
1852 828 1949 921 arte,
1978 823 2030 901 ita
2055 822 2164 900 etium
2198 824 2313 902 camut
2337 823 2503 904 extemis

502 941 734 1036 ornamentis,
759 941 892 1039 quibus
914 940 1009 1016 illius
1029 941 1212 1043 ingenium
1235 941 1482 1043 adjuvabatur.
2260 940 2262 945 ’

656 1060 747 1135 Cum
771 1060 895 1135 Tacito
919 1059 1055 1136 dicemo
1075 1060 1172 1137 Anu.
1196 1062 1295 1137 Libr.
1319 1063 1425 1140 XIII.
1452 1088 1486 1138 e.
1512 1067 1574 1159 3.,
1607 1061 1773 1165 Augusto
1810 1061 1923 1138 fuisse
1954 1063 2193 1182 eloquentiam
2225 1069 2426 1165 promptam
2457 1088 2504 1141 aa

502 1176 737 1279 profluentem
749 1231 762 1274 ,
789 1202 1015 1281 nequaquam
1040 1190 1178 1281 pugnat
1198 1180 1391 1257 Suetonius
1415 1207 1447 1257 c.
1473 1187 1553 1278 84„
1577 1193 1699 1281 quum'
1712 1180 1819 1277 dicit,
1848 1182 1968 1279 illum,
1995 1178 2155 1285 quamuis
2191 1209 2264 1258 non
2288 1183 2504 1258 deficeretur

504 1295 551 1371 ad
575 1297 692 1372 subita
716 1300 944 1399 extemporali
968 1299 1151 1394 facultate,
1174 1313 1293 1375 tamen
1317 1280 1431 1391 scrius
1454 1326 1570 1400 neque
1593 1301 1632 1375 in
1650 1301 1790 1377 Senatu
1814 1326 1930 1401 neque
1953 1301 2050 1402 apud
2069 1305 2242 1404 populum
2265 1326 2380 1402 neque
2399 1300 2504 1403 apud

503 1416 631 1491 urilites
654 1418 813 1491 locutum
836 1442 918 1493 esse
947 1419 1017 1494 nisi
1046 1417 1215 1493 meditata
1244 1445 1287 1494 ac
1311 1421 1503 1521 composita
1527 1421 1694 1498 oratione.
1743 1417 1788 1495 ld
1817 1422 1886 1495 etsi
1917 1422 2119 1522 ambiguum
2154 1430 2224 1496 ase
2239 1420 2430 1517 feeeritnc,
2461 1428 2504 1496 ut

504 1536 630 1610 virium
655 1561 800 1611 suarum
823 1538 983 1612 tenuitati
1006 1545 1248 1634 succurreret,
1281 1563 1328 1612 an
1351 1548 1390 1614 ut
1412 1540 1482 1614 sibi
1499 1547 1660 1635 caveret,
1682 1537 1939 1615 neindicendo
1958 1540 2114 1642 linguam
2127 1538 2370 1640 judiciumque
2387 1562 2504 1640 prae·

350 1679 357 1693 ⁸
506 1655 686 1754 ‹ipitaret3
723 1663 843 1732 tamen
864 1659 1042 1758 posterius
1062 1661 1174 1733 multo
1191 1658 1265 1732 veri
1289 1659 1445 1733 similius
1467 1658 1556 1733 facit
1578 1683 1678 1733 mens
1710 1661 1789 1759 ejus
1813 1658 1934 1733 sobria
1967 1682 2008 1732 ac
2028 1657 2215 1758 pmdeus.·
2248 1656 2368 1759 Quid,
2401 1655 2505 1758 quod

505 1774 679 1850 Periclem
702 1799 842 1878 quoque
865 1802 1059 1890 numquam
1083 1776 1132 1851 ad
1157 1772 1347 1853 dicendum
1371 1775 1469 1878 apud
1493 1780 1666 1877 populum
1699 1777 1898 1852 surrexisse
1920 1783 2043 1852 notum
2069 1782 2123 1854 est
2156 1778 2227 1852 nisi
2258 1776 2505 1879 praemedita-

507 1903 584 1968 tum
606 1900 642 1968 et
662 1895 793 1995 scripta
815 1894 909 1971 domi
934 1895 1105 1973 oratione.
1121 1896 1156 1992 ⁵)
1208 1894 1347 1996 Quodsi
1369 1903 1487 1972 autem
1511 1898 1700 1993 Augustus
1723 1895 1874 1970 instituit
1897 1893 1943 1971 de
1966 1895 2099 1997 scripto
2135 1893 2252 1972 dicere
2284 1903 2320 1972 et
2344 1892 2505 1971 recitem

348 2115 355 2123 1
469 2014 643 2120 poncia,
664 2039 729 2109 ne,
753 2020 794 2088 ut
819 2015 867 2090 ait
888 2014 1083 2092 Suetonius
1107 2040 1140 2090 c.
1167 2019 1249 2110 84„
1272 2016 1470 2116 perieulum
1493 2014 1684 2090 memoriae
1706 2013 1822 2088 adiret
1846 2021 1907 2088 aut
1931 2014 1970 2089 in
1994 2015 2180 2091 ediscendo
2215 2022 2355 2116 tempus
2386 2015 2506 2090 absu-

507 2139 640 2228 meret,
674 2141 777 2208 erunt
802 2135 967 2210 'fortasse
1001 2135 1065 2235 qui
1091 2134 1331 2234 suspicentur,
1355 2159 1438 2209 eum
1462 2133 1635 2206 memoria
1657 2159 1785 2234 pamm
1808 2134 1933 2234 capaci
1957 2159 1999 2209 ac
2022 2134 2138 2209 tenaci
2164 2134 2294 2210 fuisse.
2345 2133 2395 2208 At
2423 2136 2506 2234 jam

507 2250 725 2351 reipublicae
745 2240 907 2357 tempore
928 2253 1025 2330 haud
1051 2278 1136 2341 raro
1160 2253 1355 2328 sententiae
1373 2254 1412 2326 in
1435 2239 1659 2354 gravioribus
1683 2253 1892 2354 praesertim
1917 2254 2052 2329 caussis
2084 2278 2107 2328 a
2132 2252 2371 2327 senatoribus
2405 2253 2506 2328 reci-

507 2371 671 2461 tabantur
692 2370 853 2474 adeoque
876 2374 1052 2450 orationes
1076 2372 1278 2473 descripto
1302 2371 1527 2466 dicebantur,
1552 2378 1593 2445 ut
1619 2370 1800 2447 Ciceronis
1821 2372 2039 2473 aliommquc
2064 2373 2238 2472 exemplis
2261 2370 2416 2446 ostendit
2438 2370 2505 2448 Fr.

507 2490 557 2566 A.
580 2489 733 2565 Wolfius
762 2492 803 2565 in
825 2493 969 2595 Proleg.
997 2491 1044 2567 ad
1067 2491 1180 2569 Cicer.
1204 2491 1268 2569 Or.
1293 2518 1376 2600 pro¹
1393 2491 1553 2567 Marcell.
1587 2516 1627 2591 p.
1652 2491 1729 2565 XX
1754 2517 1831 2593 sqq.
1870 2489 1933 2566 Sic
1968 2491 2095 2566 Cicero
2137 2491 2357 2586 orationem,
2393 2512 2507 2595 mam

508 2615 592 2710 post
613 2609 765 2685 reditum
786 2612 823 2686 in
847 2611 984 2689 Senatu
1009 2610 1181 2706 babebat,
1218 2607 1265 2685 dc
1301 2611 1436 2709 scripto
1465 2609 1626 2705 dixerat,
1662 2619 1702 2685 ut
1721 2610 1800 2710 ipse
1827 2616 2013 2685 attestatur
2032 2610 2071 2685 in
2095 2609 2197 2687 Orat.
2223 2636 2289 2710 pro
2316 2611 2442 2687 Plano.
2469 2634 2505 2688 o.

509 2733 575 2807 30·
596 2732 720 2821 §.7402
768 2731 988 2826 „Recitatur
1012 2725 1146 2828 oratio,
1170 2754 1260 2830 quae
1284 2736 1431 2829 propter
1453 2729 1508 2802 rei
1533 2728 1807 2830 magnitudinem
1830 2728 1925 2802 dcta
1947 2728 1992 2804 do
2008 2729 2140 2830 scripto
2161 2733 2269 2806 estr“
2291 2727 2353 2804 ubi
2375 2727 2505 2805 videa·

509 2855 571 2922 tur
594 2847 639 2922 E.
664 2847 838 2924 Wunderi
861 2851 1226 2950 Commentp.·188.
1248 2832 1251 2838 ¹
1275 2846 1403 2948 Itaque
1427 2847 1615 2949 Augustus
1641 2872 1750 2948 quum
1772 2848 1889 2922 omnia
1915 2872 2007 2948 quae
2026 2847 2185 2924 dicturus
2209 2856 2286 2924 erat
2303 2847 2401 2924 domi
2416 2873 2507 2924 con·

504 2967 641 3067 „crupta
657 2991 706 3042 ex
731 2968 848 3044 libello
871 2971 992 3071 legero
1015 2970 1225 3063 institueret,
1252 2967 1338 3041 nibil
1361 2990 1575 3068 magnopere
1595 2967 1737 3041 novavit
1762 2966 1954 3067 habuitque
1969 2975 2126 3044 emtores
2146 2993 2325 3063 summos,
2349 2990 2507 3069 quormn

511 3088 677 3187 exemplo
694 3110 736 3160 se
755 3095 953 3165 excusaret.
969 3085 1004 3187 6)
1054 3086 1129 3162 Nec
1154 3087 1340 3187 quisquam
1364 3086 1433 3159 erit
1458 3086 1542 3186 quin
1564 3086 1602 3160 iu
1623 3085 1812 3186 Principe,
1843 3086 1925 3159 uoai
1951 3088 2159 3186 praesertim
2180 3087 2281 3188 regni
2305 3079 2506 3182 conditore,

510 3203 733 3307 prudentiam
757 3231 799 3281 ac
822 3205 1171 3309 circumspectionem
1191 3203 1329 3302 laudet,
1353 3205 1405 3301 si,
1428 3229 1518 3306 quae
1545 3204 1584 3278 in
1605 3229 1726 3280 rerum
1751 3211 1833 3279 amu
1858 3206 2060 3306 prolaturus
2083 3213 2200 3294 esset,
2225 3204 2324 3279 dauri
2342 3212 2508 3281 accurate

512 3324 647 3399 calamo
670 3325 899 3403 meditaretur
922 3334 957 3402 ct
981 3327 1058 3401 sire
1081 3326 1232 3425 tempori
1255 3349 1407 3426 parcens
1434 3326 1510 3401 sire
1533 3323 1699 3399 diffidens
1724 3326 1916 3399 memoriae
1943 3323 1988 3399 de
2010 3326 2143 3426 scripto
2169 3326 2433 3426 pronuntiaret,
2457 3349 2508 3402 m

501 3427 598 3543 'quid
619 3448 702 3546 plus
723 3447 902 3532 minusve,
929 3469 1036 3547 mam
1060 3469 1128 3546 par
1152 3453 1245 3520 esset
1272 3451 1332 3519 aut
1356 3444 1425 3544 sibi
1441 3445 1689 3545 propositum,
1715 3442 1859 3519 diceret.
1909 3442 1954 3520 Si
1977 3443 2062 3543 quid
2080 3451 2197 3519 autem
2214 3442 2397 3545 estquod,
2423 3445 2509 3521 rio·

371 3667 374 3674 ¹
512 3564 585 3638 lato
611 3564 948 3666 antiquutatlsvmore
972 3564 1164 3666 relictaque
1193 3564 1265 3638 fori
1289 3563 1560 3660 consuctudine,
1584 3587 1736 3638 novasse
1758 3569 1795 3637 et
1819 3588 1886 3661 pro
1907 3563 2009 3664 regia
2042 3562 2203 3664 madum,
2218 3566 2423 3640 auctoritate
2449 3563 2511 3640 di-

514 3706 637 3757 camne
661 3708 709 3758 an
731 3684 870 3760 licentia
895 3709 1006 3761 ausus
1030 3709 1110 3761 esse
1128 3682 1324 3759 censendus
1357 3684 1424 3779 sit,
1467 3683 1557 3758 illud
1586 3680 1738 3760 notabile
1771 3680 1902 3777 fuerit,
1937 3679 2051 3783 quod,
2091 3689 2131 3757 ut
2161 3682 2358 3759 Suetonius
2382 3706 2417 3759 e.
2439 3685 2509 3762 84.

513 3799 648 3899 refert,
672 3827 961 3905 nonnumquam,
986 3803 1172 3879 infirmatis
1200 3801 1381 3897 icombus,
1419 3802 1606 3904 praeconis
1630 3826 1718 3878 voce
1745 3800 1792 3877 ad
1814 3803 1989 3901 populum
2022 3802 2247 3876 condonatus
2271 3806 2385 3877 estet
2408 3800 2511 3904 quod
2570 3781 2576 3800 ¹

514 3920 693 3997 orationes
716 3922 900 4000 libellosve
922 3923 968 3998 ad
990 3922 1164 4000 Senatum
1188 3913 1350 4018 missos,
1363 3922 1463 4018 aliis,
1498 3913 1707 4023 plerumque
1733 3918 1939 3997 Candidatis
1971 3921 2036 4021 qui
2070 3919 2274 3996 dicebantur
2295 3918 2512 4016 Quaestori·

512 4040 585 4117 bus
608 4041 807 4118 recitandos
833 4041 919 4118 dare
941 4043 1108 4139 instituit,
1142 4067 1239 4116 nunc
1267 4039 1493 4115 raucedinem
1519 4043 1617 4116 vocis
1641 4047 1824 4116 caussatus
1850 4064 1944 4114 nunc
1975 4038 2069 4113 aliud
2095 4037 2198 4140 quid,
2222 4046 2266 4113 ut
2283 4034 2406 4114 sidem
2423 4039 2512 4117 lieet

514 4182 565 4234 ex
587 4159 750 4237 Suetonii
771 4188 803 4237 c.
824 4165 886 4239 65.
909 4160 996 4261 ibiq.
1018 4162 1186 4237 Torreat.
1219 4167 1256 4235 ct
1290 4159 1418 4235 Dionis
1444 4158 1545 4235 Cass.
1567 4158 1666 4236 libr.
1692 4145 1790 4235 LIV.
1814 4183 1847 4233 c.
1861 4158 1943 4255 25,
1967 4157 2031 4233 ubi
2055 4157 2154 4234 Viris
2173 4158 2320 4252 Doctis,
2347 4182 2437 4259 quos
2460 4153 2513 4238 de
2570 4165 2578 4190 ⁸

515 4275 778 4376 Quaestoribus
805 4269 1068 4356 illis'memorat
1091 4278 1268 4356 Fabricius
1289 4278 1336 4356 N.
1362 4283 1473 4376 221„
1506 4276 1657 4354 addatur
1684 4275 1934 4372 Mieb,·Gonr.
1959 4276 2104 4354 Curtius
2127 4276 2173 4353 de
2195 4275 2332 4355 Senatu
2350 4276 2514 4358 Roman

669 4516 767 4593 Haec
789 4516 955 4595 unirmse
977 4501 1240 4619 praemonenda
1261 4543 1340 4593 csse
1362 4516 1450 4591 milri
1472 4513 1680 4593 videbantur
1700 4514 1907 4594 accuratim.
1924 4518 2003 4618 jam
2021 4521 2057 4591 et
2090 4514 2204 4592 fusius
2228 4514 2442 4617 exposituro
2466 4514 2517 4599 th

517 4634 731 4713 orationibus
754 4637 924 4742 singulis,
964 4662 1053 4744 quaa
1075 4637 1264 4741 Augustus
1286 4636 1453 4712 babuisse
1475 4634 1640 4714 madium.
2289 4627 2297 4636 ³

1035 4760 1054 4783 ὁ
1293 4885 1296 4890 ’
1450 4839 1573 4949 §.2

672 4992 728 5069 Ac
748 4993 864 5095 primo
887 4945 1034 5097 quidem
1055 4994 1135 5073 loco
1159 4989 1506 5076 commemorandum
1533 4998 1604 5090 est,
1640 4989 1735 5095 quod
1759 4990 1948 5097 Augustus
1976 5017 2067 5094 puer
2083 4969 2279 5068 duodecim
2307 4992 2372 5067 rix
2396 5013 2518 5075 annm

519 5114 624 5188 uatus
648 5112 765 5189 ariam
788 5120 950 5210 latiam,
978 5114 1021 5192 G.
1041 5113 1129 5195 Julii
1152 5114 1313 5193 (laesuris
1334 5138 1495 5191 sororem
1513 5110 1711 5211 nainorem,
1733 5111 1936 5190 defunctam
1957 5138 2025 5215 pro
2048 5112 2213 5191 concione
2227 5109 2400 5189 laudasse
2422 5109 2520 5192 ὄπ’»

586 5316 620 5388 b)
634 5316 722 5387 Hujus
737 5318 780 5375 rei
795 5317 871 5373 testis
887 5324 929 5373 eat
940 5316 1100 5375 Plutarchus
1114 5319 1146 5375 in
1155 5316 1316 5375 Vitl'eriel·
1333 5332 1357 5374 e
1370 5318 1406 5387 8.,
1422 5333 1492 5387 quo·
1538 5321 1642 5388 perstas
1659 5315 1695 5371 ad
1711 5321 1831 5372 noscam
1842 5316 2133 5390 acuampamnerir,
2148 5316 2199 5372 aed
2210 5315 2287 5373 fletu
2297 5318 2402 5371 hatum
2413 5327 2432 5372 a
2443 5316 2520 5377 aab

520 5415 582 5456 eum
597 5403 762 5460 eonferenda
776 5410 839 5460 sunt
853 5419 922 5472 quae
937 5403 1045 5476 scripsit
1052 5404 1148 5473 Poppo
1159 5402 1189 5458 iu
1200 5404 1348 5459 Commeat.
1363 5405 1399 5458 ad
1411 5402 1490 5457 'l'bu-
1537 5402 1659 5475 ptoribm
1674 5400 1756 5457 hodie
1772 5405 1904 5471 legamus.

521 5486 582 5555 esd.
603 5487 678 5542 Libr.
693 5491 727 5545 Π.
748 5504 773 5546 e.
788 5487 832 5546 Sd.
851 5488 927 5545 rara
940 5489 985 5547 ΠΙ.
1001 5488 1063 5547 Vel.
1078 5489 1106 5544 2.
1119 5504 1148 5560 p.
1164 5486 1225 5545 1³5.
1238 5535 1243 5544 .
1256 5487 1377 5543 llirabili
1397 5503 1489 5543 rerum
1604 5521 1635 5590 ὅ)
1657 5520 1795 5577 Nonum
1813 5520 1868 5577 ὼ
1942 5536 1977 5576 ω
1998 5517 2035 5576 de
2055 5518 2110 5576 mo
2124 5525 2269 5579 ‚mmm
2289 5524 2413 5580 mm
2433 5532 2518 5584 w

520 5568 695 5650 humanarum
710 5589 775 5631 earu
786 5574 884 5643 creuit,
897 5579 941 5645 ut,
957 5572 1063 5630 samri
1078 5571 1216 5629 entiores
1231 5591 1250 5628 a
1263 5572 1371 5629 Pcrlcte
1387 5579 1417 5628 et
1429 5576 1488 5629 An·
1536 5611 1630 5665 nm
1645 5606 1731 5678 dim
1745 5606 1807 5665 m
1821 5560 1885 5665 m}
1906 5536 2014 5665 ξω,
2027 5603 2060 5666 h
2073 5606 2188 5666 Μ
2201 5605 2237 5664 E

522 5660 602 5726 curta
617 5656 717 5715 martis
731 5662 874 5718 mandene
888 5657 1352 5732 emmerammenses·
1367 5659 1425 5715 ulla
1440 5674 1488 5716 au-
1886 5645 1897 5679 '
