5717 6575
1022 615 1318 695 obduraturus
1338 615 1401 689 ΕΤ
1422 614 1711 694 SEllblllb'IBUS.
2296 630 2367 711 1³1

379 848 475 929 qnae
496 822 750 899 commentatus
771 814 903 891 chartis
928 807 1093 889 mandata
1119 807 1294 905 babebat,
1329 832 1448 885 coram
1472 807 1545 904 eis,
1577 805 1786 910 quibuscum
1815 814 1960 910 ageret,
1990 808 2094 885 etiam
2128 810 2294 891 recitasse
2321 814 2368 895 de

377 946 538 1047 scripto,
561 938 602 1015 id
622 962 707 1013 sero
729 932 894 1037 putidum
915 932 1002 1027 mihi
1025 929 1166 1013 videtur
1189 953 1322 1031 perque
1346 928 1537 1003 ridiculum
1563 936 1669 1028 atque
1694 950 1801 1025 aegre
1823 925 2001 1024 adducar,
2030 939 2072 1003 ut
2093 929 2263 1008 Suetonio
2289 962 2367 1013 cre-

378 1060 537 1157 mffi)
578 1058 693 1133 Multo
718 1062 838 1129 autem
860 1053 976 1127 minus
999 1048 1168 1125 credibile
1191 1056 1246 1123 est
1267 1045 1566 1143 existimandum,
1592 1044 1802 1146 hujusmodi¹
1818 1070 1998 1121 sermones
2023 1048 2198 1126 schedulis
2220 1053 2370 1133 lbrtasse

378 1179 595 1285 perscriptos
617 1175 664 1253 ab
687 1174 851 1275 Augrmto
875 1170 969 1245 domi
996 1176 1158 1245 servatos
1181 1164 1315 1241 1111111
1337 1167 1520 1267 evulgatos
1545 1190 1643 1259 esse,
1667 1165 1717 1239 ita
1740 1173 1781 1239 ut
1802 1163 1851 1239 ad
1869 1164 2110 1263 posteritatem
2137 1176 2367 1267 pervenerint.

378 1300 520 1379 Verum
542 1304 664 1373 maen
686 1293 766 1367 huic
788 1290 983 1367 1111111111
1007 1312 1077 1389 quo
1101 1285 1220 1361 rninus
1242 1285 1320 1359 sine
1343 1287 1415 1359 ulla
1440 1283 1656 1359 dubitatione
1680 1306 1849 1377 assensus
1866 1282 2091 1380 praebeatur,
2120 1285 2262 1365 ridetur
2278 1290 2370 1369 duo·

377 1442 463 1495 rum
484 1416 627 1491 obstare
649 1412 860 1512 scriptorum
881 1406 1135 1493 testimonium,
1164 1402 1260 1503 apud
1284 1428 1372 1504 quos
1397 1402 1523 1477 horum
1545 1426 1748 1477 sermonum
1769 1402 1950 1500 exempla,
1975 1388 2143 1503 genuina,
2164 1417 2205 1481 ut
2226 1413 2369 1507 plurimi

379 1538 584 1629 antmnmt,
603 1529 778 1631 hodieque
804 1528 1043 1629 reperiuntur.
1093 1523 1188 1601 Sunt
1209 1522 1260 1596 illi
1285 1521 1478 1624 scriptores
1503 1519 1641 1600 Seneca
1672 1517 1718 1594 de
1743 1519 1912 1597 clement.
1943 1518 2045 1599 Libr.
2069 1520 2100 1598 1.
2128 1549 2159 1601 1.
2182 1528 2219 1605 o.
2240 1537 2276 1611 11
2300 1532 2367 1607 Dio
2405 1612 2431 1633 l
2479 1618 2485 1625 ,

334 1738 338 1743 ,
379 1652 531 1733 casum·
561 1650 662 1727 11111.
685 1648 763 1725 LV.
787 1672 819 1724 1.
846 1651 897 1725 14
921 1670 994 1747 sqq.

531 1786 679 1863 lllorum
702 1806 908 1859 sermonum
933 1780 1154 1856 occasionem
1186 1776 1327 1853 dedisse
1356 1775 1469 1853 lertur
1495 1776 1562 1852 Cn.
1590 1776 1773 1855 Cornelius
1796 1774 1907 1853 Cinna
1931 1775 2109 1879 Magnus,
2124 1873 2128 1885 1
2143 1790 2249 1860 natsrs
2278 1784 2370 1862 Cor-

379 1907 474 1985 uffio
491 1904 647 2001 Fausto,
669 1903 791 1983 Sullae
817 1901 890 1976 lilio
915 1907 953 1974 ct
977 1899 1169 1999 Pompeja,
1206 1896 1332 1999 Magni
1350 1898 1513 1999 Pompeji
1535 1896 1626 1992 lilia,
1660 1897 1760 1997 utqui
1790 1896 1886 1971 vitoe
1906 1896 2061 1999 Augusti
2092 1898 2238 1979 insidias
2272 1912 2370 1983 stru·

380 2026 509 2103 ximat.
555 2024 671 2123 llrrjras
693 2018 941 2122 conjurationis
962 2014 1156 2110 indicima,
1184 2022 1327 2090 auctore
1346 2013 1485 2092 Seneca
1492 2068 1505 2111 ,
1531 2014 1687 2090 delatum
1713 2023 1768 2090 est
1792 2014 1837 2088 ad
1862 2018 2078 2117 Augustum,
2106 2045 2215 2119 quum
2238 2049 2371 2125 annum

380 2142 692 2247 quadragesimum
722 2138 909 2215 transisset
944 2143 980 2211 et
1011 2136 1049 2211 in
1072 2134 1186 2211 Gallia
1219 2142 1428 2210 moreretur.
1478 2128 1713 2236 Gogitrmdum
1738 2143 1855 2209 autem
1889 2141 1944 2211 est
1974 2133 2018 2209 do
2051 2138 2110 2210 illa
2133 2140 2368 2243 expeditione,

380 2288 487 2365 quam
510 2262 598 2357 illc,
622 2257 741 2337 andita
764 2258 817 2333 M.
838 2255 941 2331 Lollii
967 2252 1065 2329 clade
1090 2254 1226 2329 excitus
1253 2253 1370 2350 Urbe,
1392 2254 1429 2329 in
1454 2251 1606 2330 Galliam
1629 2252 1712 2328 lecit
1736 2260 1895 2327 cxtrcmo
1920 2276 2012 2328 anno
2025 2255 2072 2330 U.
2092 2253 2132 2331 G.
2153 2262 2241 2338 739.
2256 2287 2287 2336 s.
2310 2267 2367 2343 lo.

309 2400 317 2409 '
379 2382 426 2457 ln
446 2402 490 2457 ea
509 2388 603 2455 terra
626 2376 673 2453 ud
693 2402 753 2453 res
777 2401 857 2453 cum
882 2373 1096 2452 Germaniae
1116 2380 1193 2449 tum
1216 2373 1409 2474 Hispaniae
1444 2374 1547 2447 simul
1579 2370 1838 2449 constituendas
1871 2398 1937 2473 per
1964 2374 2166 2473 proximum
2188 2378 2370 2461 biennium

380 2504 616 2576 commoratus
648 2520 769 2571 mense
797 2493 940 2569 demum
964 2493 1095 2568 Martio
1122 2517 1155 2567 a.
1182 2494 1228 2567 U.
1255 2493 1295 2568 C.
1320 2496 1409 2569 741.
1434 2516 1466 2567 s.
1491 2496 1552 2568 13.
1575 2490 1771 2567 inUrbem
1795 2490 1968 2587 rediit-li)
2021 2495 2132 2595 Atqui
2158 2523 2277 2574 mense
2298 2500 2370 2579 Se-

380 2616 535 2721 ptembri
560 2614 754 2717 superioris
779 2612 863 2687 anni
885 2612 1069 2713 Angustus
1095 2614 1299 2712 expleuerat
1318 2611 1444 2685 aetatis
1466 2634 1598 2685 annrun
1618 2608 1925 2712 quadragesirmnn
1947 2637 2102 2709 nonum,
2127 2618 2204 2714 jam
2227 2619 2370 2722 ingres.

379 2762 446 2815 sos
471 2734 807 2837 quinquagesimum.
857 2730 980 2831 Itaque
997 2727 1133 2806 Seneca
1156 2730 1261 2804 nimis
1282 2727 1461 2804 indefinite
1482 2728 1565 2803 dicit
1591 2754 1722 2803 annum
1745 2728 2052 2831 quadragesimum
2074 2738 2149 2805 tum
2167 2734 2211 2809 ab
2231 2762 2273 2810 eo
2294 2744 2370 2839 Jam

379 2856 569 2933 transitum
590 2852 714 2928 luisse.
765 2848 839 2927 Sed
860 2848 1011 2924 fortasse
1032 2851 1131 2923 locus
1154 2857 1344 2949 corruptus
1366 2855 1422 2924 est
1447 2856 1483 2923 et
1507 2873 1673 2924 numerus
1696 2853 1910 2942 „nonum“
1945 2848 2222 2927 antecedentium
2244 2856 2371 2933 simili.

379 2972 505 3049 tudine
540 2974 736 3049 litterarum
767 2970 957 3070 absorptus
991 2966 1137 3043 excidit.
1186 2966 1403 3068 Ambiguum
1433 2968 1542 3043 etiarn
1573 2974 1646 3064 est,
1677 2966 1831 3043 fueritne
1851 2964 2045 3069 conjuratio
2078 2971 2116 3046 in
2152 2970 2288 3072 Gallia,
2323 3002 2369 3055 en

380 3094 519 3169 Romae
542 3092 639 3186 inita,
659 3094 804 3190 ejusque
826 3087 1064 3162 tautummodo
1088 3085 1257 3162 indicium
1281 3088 1325 3161 ab
1347 3086 1447 3163 Urbe
1468 3089 1505 3163 in
1528 3086 1683 3165 Galliam
1708 3082 1880 3164 allatum?
1905 3088 2009 3180 Nam,
2030 3095 2071 3163 ut
2093 3088 2229 3167 Seneca
2252 3097 2372 3173 scribit

306 3284 321 3300 ,
379 3222 416 3306 ς.
439 3216 495 3309 2.,
520 3208 685 3310 „dictum
712 3215 768 3283 est
791 3214 827 3281 11
847 3206 908 3281 ubi
935 3214 972 3281 et
996 3204 1137 3308 quando
1161 3215 1196 3281 et
1221 3204 1514 3309 quomadmodum
1545 3204 1695 3311 aggredi
1728 3208 1849 3282 vellet:
1894 3233 1986 3282 unus
2010 3233 2031 3281 e
2054 3212 2201 3284 consciis
2227 3211 2370 3293 desere·

380 3333 491 3408 bat.“
539 3329 622 3408 Jam
643 3353 728 3404 vero
753 3326 889 3402 Seneca
910 3325 997 3399 iacit
1013 3328 1230 3428 Augustum,
1250 3328 1440 3426 compertis
1462 3328 1554 3401 vitae
1575 3351 1660 3400 suae
1681 3323 1828 3420 insidiis,
1853 3329 2062 3428 cogitantem
2085 3327 2129 3403 de
2148 3334 2369 3412 convocando

379 3449 575 3529 1111111111
597 3448 738 3524 oonsilio
761 3452 814 3540 et,
835 3429 1064 3520 damnarctne
1088 3445 1258 3540 Cinnam,
1282 3443 1536 3520 adolescentem
1561 3443 1731 3540 nobilem,
1755 3442 1822 3520 Gn.
1845 3445 2007 3547 Pompeji
2029 3456 2215 3547 nepotem,
2247 3478 2369 3533 secum

379 3576 621 3670 reputantem,
645 3571 682 3639 11
703 3563 804 3666 fingit
827 3563 1029 3664 Principem
1054 3572 1158 3640 nocte
1179 3565 1335 3664 inquieta
1361 3572 1560 3667 gementem
1591 3572 1630 3638 et
1664 3562 1782 3637 varias
1813 3572 1850 3638 et
1872 3565 1963 3639 inter
1985 3590 2025 3641 so
2050 3570 2241 3647 contrarias
2267 3599 2370 3651 voces

378 3685 591 3764 esnitlentem
615 3685 699 3760 has:
723 3685 854 3778 „Quid
879 3679 991 3785 erqo?
1016 3712 1078 3785 191
1100 3711 1355 3780 percussorem
1376 3712 1516 3760 naccum
1541 3709 1708 3760 sensurum
1733 3685 1923 3761 ambulare
1943 3692 2086 3783 patiar,
2111 3716 2170 3764 sue
2193 3689 2371 3778 sollicito?

379 3813 479 3910 Erpa
501 3833 576 3884 noc
601 3807 704 3882 dubit
718 3828 881 3901 poenus,
908 3809 971 3900 qui
996 3817 1049 3877 tot
1067 3805 1228 3877 civilibus
1264 3805 1364 3878 battis
1394 3805 1543 3901 frustra
1573 3807 1730 3900 petitum
1754 3817 1886 3900 caput,
1916 3819 1968 3880 tot
1991 3808 2205 3902 naualibus,
2232 3823 2283 3887 tot
2306 3841 2372 3913 pe·

378 3927 949 4020 111111111111111111111111111,
975 3935 1169 4019 postquam
1195 3934 1299 3996 terra
1328 3928 1493 4019 mumque
1526 3947 1608 4020 pus
1633 3935 1748 4017 parto
1776 3935 1848 4014 est,
1881 3948 1955 3998 uass
1988 3928 2144 3999 occidere
2171 3936 2370 4028 coustituit,

377 4047 446 4122 sed
465 4037 709 4120 immolare?“
759 4037 854 4114 Nam
883 4035 1136 4114 sacrificantem
1158 4039 1335 4139 placuerat
1356 4035 1496 4114 adoriri.
1542 4038 1692 4135 Rursus,
1715 4037 1852 4114 silentio
1869 4039 2085 4141 interposito,
2108 4047 2241 4144 majore
2260 4049 2369 4125 multo

379 4185 487 4256 soce,
518 4159 586 4234 sibi
611 4181 717 4261 quam
741 4157 877 4233 Cinnae
896 4155 1126 4234 irascebatur.
1182 4160 1313 4252 „Quid
1336 4164 1446 4250 11111,
1474 4166 1507 4234 st
1535 4164 1657 4256 perire
1685 4173 1722 4232 te
1749 4174 1828 4236 tum
1856 4166 2053 4237 stultorum
2080 4161 2256 4243 interest?
2289 4174 2370 4270 quis

376 4283 466 4386 fissis
495 4287 564 4357 erit
589 4273 876 4376 suppliciorum?
915 4283 996 4377 quis
1026 4272 1246 4380 sorsqulm's?
1296 4281 1373 4378 Epo
1400 4303 1483 4352 sura
1512 4278 1690 4353 nobilibus
1717 4279 1992 4358 adolescentulis
2016 4287 2220 4378 expositum
2243 4302 2369 4388 ceput,

377 4407 421 4478 iss
443 4401 540 4499 quod
556 4423 744 4476 saumones
764 4409 914 4473 acuunt.
963 4401 1050 4471 Nou
1079 4410 1134 4472 eat
1150 4401 1247 4471 tenti
1272 4403 1374 4488 utto,
1405 4399 1462 4489 sl,
1492 4408 1535 4471 ut
1564 4421 1626 4497 eqo
1650 4421 1724 4471 non
1747 4422 1916 4495 pereum,
1949 4411 2029 4475 tum
2046 4406 2163 4479 m-ultu
2180 4408 2369 4503 perdendo

381 4605 457 4616 —nu

448 4700 499 4772 13)
513 4700 706 4772 Vehementer,
722 4715 783 4756 meo
796 4698 905 4769 quidem
919 4698 1036 4769 jndicio,
1053 4700 1182 4755 1111111111
1198 4697 1257 4769 qni,
1273 4714 1353 4769 prae-
1401 4698 1494 4754 tudine
1511 4698 1662 4770 impeditus,
1679 4716 1732 4771 qno
1748 4699 1835 4756 minos
1853 4719 1943 4758 coram
1960 4720 2020 4760 cum
2036 4705 2075 4760 eis
2093 4715 2195 4774 ageret.
2227 4709 2368 4766 Rationem

377 4791 463 4843 eunte
478 4786 575 4858 Lipsio
592 4788 628 4842 ad
643 4785 737 4862 Taciti
751 4786 821 4840 Anu.
837 4784 912 4838 Libr-
929 4785 975 4839 lV·
1000 4784 1255 4854 1111111111,
1277 4784 1352 4838 istius
1401 4783 1479 4851 huius
1501 4783 1613 4839 instituti
1636 4802 1671 4839 ex
1693 4786 1801 4855 publice
1822 4789 2002 4842 Romanorum
2029 4790 2086 4844 rita
2115 4796 2287 4862 repetendam
2308 4812 2369 4851 esse

377 4873 465 4928 moris
480 4878 647 4944 repertorem
669 4871 753 4926 brisse
773 4868 872 4924 lulium
889 4869 1048 4938 Caesarem,
1073 4871 1108 4924 de
1124 4885 1177 4936 quo
1194 4867 1352 4923 Plutarchus
1401 4870 1472 4922 bene
1494 4869 1632 4939 perspexit
1653 4871 1803 4925 Bredorios
1831 4872 1861 4927 in
1883 4873 2058 4929 vorassem.
2080 4877 2216 4932 Plutarchi
2241 4878 2296 4934 vie
2315 4883 2368 4935 lul.

377 4949 1353 5025 111111111111111111111111111111λέγεται1111111διὰγραμμᾶ-
1401 4950 1955 5026 0111(Β1111111.111.1811)ρ.305.
1989 4960 2065 5013 Haec
2082 4967 2169 5014 entem
2187 4978 2274 5016 rernm
2290 4963 2369 5017 citius

375 5057 437 5096 serr
452 5043 511 5102 τοῖς
526 5041 618 5110 111111
635 5035 746 5109 ὁμιλεῖν
762 5038 891 5104 1111111111
911 5037 1024 5105 πρώιον
1038 5031 1273 5108 μηχανήσασθαι,
1301 5031 1353 5102 scir
1401 5038 1631 5108 expediendamm
1648 5039 1732 5108 ratio,
1750 5041 1815 5108 agili
1833 5046 1860 5094 et
1876 5049 2013 5112 prompto,
2030 5060 2083 5112 quo
2099 5045 2146 5099 ille
2164 5046 2310 5116 eminebat,
2327 5048 2369 5103 ia·

374 5121 450 5182 me
467 5119 621 5194 πρόσωπον
636 5121 758 5184 ἔντευξιν
774 5118 846 5192 ὑπὲρ
861 5120 918 5173 seir
936 5117 1105 5187 tnaytner
1121 5123 1285 5191 1111111111
1303 5114 1352 5175 dui
1401 5122 1483 5189 genio
1499 5123 1661 5177 conveniens
1678 5130 1804 5192 qnantum
1821 5126 1965 5181 abhorreat
1980 5129 2015 5182 ab
2031 5130 2145 5196 Augusti
2160 5145 2243 5199 more,
2260 5133 2368 5202 planum

373 5225 409 5266 se
423 5208 533 5278 πλῆθος
549 5204 691 5278 ἀσχολιῶν
713 5205 762 5262 esst
785 5208 832 5273 τῆς
853 5200 1005 5265 1111111111
1027 5204 1150 5274 μέγεθος
1174 5199 1213 5275 μὴ
1237 5206 1351 5274 campet·
1400 5210 1444 5260 est
1459 5211 1487 5259 et
1502 5206 1610 5275 Lipsius
1628 5214 1727 5262 temere
1744 5211 1857 5264 contulit
1873 5213 1982 5266 Sueten.
1998 5213 2069 5280 Aug.
2085 5229 2108 5268 1.
2123 5214 2166 5270 81.
2383 5231 2386 5236 ·

374 5281 587 5356 1111111111
609 5293 639 5349 irs
659 5295 738 5361 loco,
759 5291 785 5346 si
807 5290 870 5362 qnid
891 5288 999 5358 iudico,
1022 5305 1111 5343 sermo
1133 5293 1234 5344 tantum
1251 5295 1292 5345 est
1314 5292 1349 5346 de
1466 5290 1514 5361 81)
1531 5292 1694 5348 0111111111
1716 5294 1769 5348 Dio
1798 5296 1875 5353 Cass.
1898 5297 1975 5351 Libr.
1994 5297 2064 5352 LlV.
2098 5313 2122 5352 c.
2144 5297 2188 5354 20.
2208 5299 2252 5354 21.
2273 5308 2302 5356 11
2322 5303 2368 5362 21.

372 5379 556 5439 familiaribus
570 5377 601 5432 11
616 5377 677 5447 ipae
693 5378 766 5432 Urbe
780 5377 881 5446 passim
897 5373 1091 5440 babitantibus,
1107 5372 1214 5428 minime
1231 5375 1266 5428 de
1283 5376 1351 5432 arni·
1398 5375 1541 5430 Massones
1563 5377 1592 5431 in
1615 5377 1670 5433 Vit.
1697 5379 1792 5434 Horat.
1816 5381 1852 5434 ad
1875 5397 1901 5436 a.
1923 5382 1957 5436 U.
1980 5381 2013 5435 C.
2035 5381 2096 5436 738.
2119 5380 2147 5449 §.
2165 5384 2191 5437 2.
2210 5401 2238 5453 p.
2260 5386 2312 5442 825
2328 5405 2369 5459 sq.

372 5465 419 5522 cis
435 5462 589 5520 domesticis
605 5462 664 5518 sire
685 5461 715 5516 in
737 5477 787 5516 suo
808 5460 893 5532 ipsius
916 5457 1038 5513 conclavi
1054 5458 1247 5526 praesentibus.
1281 5460 1351 5515 cnm
1399 5463 1549 5528 Angustum
1564 5462 1593 5516 in
1610 5462 1728 5517 Galbam
1745 5465 1894 5534 protectum
1904 5481 1964 5518 esse
1977 5465 2092 5533 probare
2111 5468 2200 5521 studet
2214 5478 2275 5537 post
2290 5474 2368 5528 lodus

370 5549 443 5618 iltis,
458 5550 482 5605 si
499 5565 553 5620 qua
568 5563 613 5603 res
629 5551 747 5617 urgeret,
763 5562 824 5601 eam
839 5561 890 5616 per
905 5544 1010 5598 litteras
1026 5541 1222 5597 eommurdcare
1238 5541 1353 5598 institnit
1400 5543 1527 5599 Actiacos
1545 5548 1572 5601 d.
1588 5549 1615 5602 2.
1633 5548 1799 5619 Septembris
1815 5555 1900 5607 actos.
1931 5549 2010 5606 Adde
2023 5549 2368 5622 Janiidrgummdlicrst.

372 5634 465 5696 Julius
482 5635 601 5706 caeam,
617 5648 678 5690 com
693 5630 862 5703 negotiorum
876 5627 1060 5699 multitudine,
1081 5632 1137 5683 turn
1153 5627 1235 5684 Urbis
1256 5625 1353 5698 ampli·
1400 5628 1477 5686 1111.
1492 5631 1538 5688 lv.
1555 5631 1609 5688 0d.
1625 5633 1653 5689 2.

1996 5721 2069 5799 17*
