5717 6575
521 628 597 705 120
1206 613 1269 688 111.
1309 612 1372 684 DE
1392 612 1609 686 CAESARIS
1629 612 1826 685 AUGUSTI
1943 650 1945 655 ·

521 803 752 908 κενοταφίου
774 828 817 881 τι
848 798 943 903 πρὸς
977 798 1082 902 αὐτῷ
1112 830 1169 902 τῳ
1194 799 1317 904 Ῥήνῳ
1351 799 1650 904 refraenata
1682 802 1896 906 Cenotaplrio
1927 800 2024 880 haud
2058 802 2134 881 scio
2165 827 2212 881 an
2245 811 2342 883 recte
2376 810 2531 887 caum

519 955 555 1007 ar
542 927 704 1003 dixero
738 924 955 1003 destinatum
988 922 1098 998 luisse
1128 875 1216 998 illud
1238 922 1405 1026 Elogiam
1437 921 1598 998 versibus
1630 925 1887 1062 compositum,
1921 923 1979 1043 69
1996 948 2069 1025 966
2103 922 2204 999 Libr.
2227 923 2337 1017 II.§.
2362 928 2414 1004 6.
2434 924 2527 1006 dixi.

519 1047 614 1127 Nam
635 1071 705 1150 quo
729 1044 946 1121 testatiorem
970 1042 1305 1143 cumuaeoremque
1331 1044 1464 1117 faceret
1483 1043 1670 1145 Augustus
1700 1067 1807 1118 suum
1830 1042 1870 1117 in
1887 1043 2045 1119 Drusum
2068 1067 2237 1140 amorem,
2263 1051 2406 1185 praeter
2426 1046 2528 1125 illam

520 1167 718 1244 orationem
737 1163 946 1257 funebrem,
967 1161 1127 1237 exaravit
1146 1161 1253 1235 ctiam
1274 1161 1543 1262 inscriptionem
1568 1161 1827 1262 sepulchralem
1851 1168 1887 1238 et
1907 1162 2116 1240 memoriam
2137 1161 2229 1238 666
2252 1165 2354 1263 ejus,
2385 1162 2433 1241 de
2454 1191 2527 1270 966

520 1286 611 1363 666
631 1284 747 1363 Libro
766 1282 814 1359 V.
838 1307 957 1357 sermo
983 1282 1060 1356 crit

672 1403 774 1479 1666
800 1407 953 1502 mutuor
975 1422 1149 1474 annorum
1174 1397 1328 1497 spatium
1347 1402 1539 1501 Augustus
1567 1398 1714 1475 totidem
1739 1398 1826 1475 vidit
1847 1423 1994 1475 suorum
2015 1397 2142 1476 lunera
2166 1396 2311 1497 eodem,
2334 1398 2526 1504 966166·

521 1546 622 1623 mus,
646 1519 767 1600 ordine
790 1518 963 1597 recensito
987 1517 1095 1593 ctiam
1118 1539 1141 1591 6
1160 1515 1306 1592 Pedane
1330 1517 1498 1595 Albinus.
1527 1517 1566 1593 in
1588 1518 1697 1596 Gons.
1722 1518 1769 1593 ud
1791 1517 1934 1595 liviam
1954 1518 2053 1622 Aug.
2077 1545 2114 1599 v.
2139 1519 2191 1599 65
2214 1543 2316 1622 aqum

953 1657 1119 1735 Vidimus
1144 1659 1648 1753 ereptumemarencttrpc
1678 1661 1837 1732 sororiae

1107 1778 1263 1866 166166,
1295 1788 1340 1848 ut
1362 1779 1404 1848 ia
1428 1778 1576 1867 Dareo,
1602 1776 1770 1872 publicus
1793 1778 1855 1851 ille
1878 1773 1990 1875 fatre

954 1893 1122 1970 Condidit
1142 1894 1366 1990 Agrippam,
1397 1918 1468 1990 pue
1492 1904 1551 1985 te,
1573 1898 1769 1986 Marcelle,
1800 1878 1986 1990 sepulcror

1111 2014 1163 2084 Et
1182 2016 1276 2105 cepit
1296 2036 1448 2109 perieras
1465 2013 1552 2106 jam
1577 2016 1675 2086 lours
1699 2017 1761 2086 illc
1785 2014 1890 2088 daos.
2111 2108 2113 2113 Ι

959 2133 1033 2206 Via
1053 2135 1172 2226 posito
1193 2130 1357 2226 Aprippu
1381 2134 1515 2204 tumuli
1538 2129 1628 2217 deae
1645 2133 1771 2226 janua
1795 2135 1924 2206 clausu
1948 2141 2022 2206 esta

1105 2245 1248 2347 Perficit
1274 2246 1438 2346 officium
1469 2248 1637 2345 funeris,
1669 2275 1770 2341 ecce,
1794 2274 1910 2324 soror.

953 2368 1066 2459 Ecce,
1096 2376 1153 2438 ter
1178 2377 1266 2438 aute
1289 2367 1409 2457 dotis,
1427 2368 1582 2460 Jactaru
1605 2372 1823 2459 6661661666,
1846 2370 1994 2443 Drusus
2046 2452 2049 2459 ¹

1105 2485 1295 2579 Amapuo
1320 2488 1493 2559 lacrimas
1520 2489 1676 2560 Caesare
1700 2499 1854 2584 966666
1878 2487 1999 2562 uate.

672 2634 721 2715 V.
773 2602 1001 2728 Corneliam,
1036 2629 1243 2709 seriberiae
1263 2630 1375 2707 liliam
1399 2639 1434 2707 et
1458 2633 1659 2736 privignam
1682 2633 1857 2736 Augusti,
1882 2631 2056 2737 96691..
2079 2627 2233 2708 Aemilio
2254 2628 2369 2709 Paulo
2392 2643 2517 2738 nupta,

521 2754 792 2835 6.11.6..798
818 2780 851 2830 s.
852 2756 938 2832 16.
959 2758 1231 2853 praematuram
1248 2759 1398 2828 mortem
1431 2750 1586 2849 obierat,
1619 2753 1825 2883 Propertius
1859 2751 2515 2859 Liar.1v.Eteg.11.v.58sqq.

519 2879 570 2955 16
595 2878 795 2980 loquentem
815 2871 927 2950 facita

949 2995 1132 3068 Moterais
1158 2993 1290 3069 laudor
1314 2997 1498 3087 lacrimis,
1527 2993 1700 3093 Urdr‘epue
1724 2998 1900 3111 querelis,

1106 3111 1275 3210 Defensa
1299 3118 1495 3212 61966116
1522 3117 1690 3188 Caesaris
1717 3138 1800 3188 osso
1824 3137 1922 3189 mea.
2029 3151 2034 3156 ·

949 3231 1018 3306 ille
1041 3254 1113 3305 aaa
1142 3243 1236 3306 autu
1258 3233 1407 3348 dipnam
1431 3237 1567 3308 viciam
1591 3257 1750 3308 sororem
1943 3312 1946 3322 ,

1018 3425 1020 3430 ,
1101 3352 1294 3445 increpat,
1320 3364 1356 3425 et
1381 3355 1553 3426 tantuma
1578 3353 1772 3426 uidimus
1757 3376 1814 3425 rre
1832 3355 1923 3425 Deo.

518 3484 579 3564 Ex
604 3508 676 3588 quo
699 3482 779 3558 loeo
803 3479 852 3557 L.
876 3478 1067 3558 Santenius
1089 3508 1127 3583 p.
1153 3486 1242 3560 894.
1266 3490 1302 3557 et
1326 3485 1414 3561 999.
1450 3482 1507 3560 cd.
1528 3483 1629 3583 Traj.
1664 3481 1709 3558 ad
1739 3477 1858 3559 Rhcn.
1885 3487 1996 3562 1789.
2023 3484 2133 3562 relert
2162 3485 2278 3568 luisse
2302 3489 2366 3596 96
2391 3490 2513 3596 strepi⁴

518 3610 708 3700 ementur,
726 3602 821 3677 illam
846 3599 1045 3676 Corneliam
1069 3599 1114 3676 ab
1138 3602 1302 3704 Augusto
1327 3600 1504 3677 laudatam
1527 3627 1608 3677 esse
1630 3627 1696 3702 pro
1720 3601 1859 3677 funere.
1909 3600 1984 3680 Sed
2007 3605 2083 3704 jam
2108 3603 2405 3689 Santeniushuio
2427 3635 2512 3687 oon-

510 3729 670 3826 jeoturae
702 3719 853 3823 opponit
869 3718 1033 3795 Suetonii
1064 3746 1107 3796 ea
1138 3718 1185 3794 de'
1221 3745 1262 3796 re
1293 3718 1471 3796 silentium
1503 3728 1540 3797 et
1570 3724 1680 3796 multo
1710 3721 1824 3823 magis
1838 3719 1883 3795 ¹ei
1908 3721 2024 3799 66661
2043 3724 2199 3826 Augusti
2225 3750 2306 3805 cum
2329 3728 2512 3808 86666616

513 3850 598 3947 post
620 3840 812 3918 divortium
835 3837 1082 3935 necessitudo,
1106 3838 1151 3914 de
1174 3864 1243 3942 966
1263 3840 1333 3915 alio
1358 3842 1437 3914 loco
1462 3838 1629 3918 dicemus.
1677 3838 1734 3915 Ac
1757 3845 1909 3941 possunt
1930 3841 2036 3916 ctiam
2065 3842 2197 3919 verba
2208 3900 2238 3942 „
2245 3851 2445 3951 peraltas“
2476 3853 2512 3923 et

513 3962 761 4060 „lacriraae“
785 3957 884 4060 apud
907 3958 1136 4059 Propertium
1163 3957 2048 4094 6669166966616,9661696661669669666
2073 3961 2509 4044 olimsuemdcfunctam

514 4086 724 4185 prosecutus
745 4078 814 4175 ait,
837 4079 935 4154 luctu
958 4085 994 4152 et
1022 4076 1753 4171 (161666.-

1453 4265 1573 4373 §.a
1674 4229 1676 4233 ’

670 4448 776 4555 Quae
801 4449 1055 4554 practerea-alu
1071 4450 1236 4553 Augusto
1261 4452 1319 4527 vel
1343 4477 1408 4553 pro
1430 4452 1556 4530 rostris
1578 4449 1625 4526 ad
1645 4455 1819 4555 populum
1843 4454 1901 4530 vel
1916 4451 1966 4558 in
1987 4454 2112 4534 eastris
2137 4453 2186 4533 ad
2209 4455 2338 4561 milites
2361 4460 2421 4538 vel
2444 4455 2510 4538 de·

516 4572 625 4676 nique
648 4571 686 4647 in
705 4570 843 4649 Senatu
865 4572 1040 4647 orationes
1060 4569 1200 4646 habitae
1221 4571 1305 4648 ess‘e
1329 4571 1521 4668 seruntur,
1547 4597 1610 4649 eas
1636 4575 1746 4649 hocce
1768 4573 1939 4677 deinceps
1961 4573 2087 4651 ordine
2109 4577 2397 4678 perceuscbimns
2418 4591 2510 4681 prro·

514 4692 593 4768 latis
617 4691 656 4767 in
676 4688 834 4765 medium
856 4697 962 4792 atque
985 4690 1192 4765 examinatis
1217 4690 1426 4791 scriptorum
1450 4698 1611 4767 ueterum
1634 4692 1734 4789 locis,
1756 4693 1795 4767 in
1818 4693 1947 4795 961666
1969 4695 2165 4796 cujuspiam
2186 4696 2352 4775 orationis
2373 4695 2510 4777 mentio

513 4810 642 4912 injecta
661 4808 806 4911 legitur.
855 4808 991 4884 Horum
1015 4834 1157 4914 quoque
1180 4809 1376 4885 orationum
1411 4816 1486 4884 tam
1519 4836 1635 4912 pauca
1667 4834 1708 4887 ac
1741 4813 1861 4888 tenuia
1895 4819 2085 4914 supersunt
2113 4814 2284 4920 uestigia,
2322 4822 2386 4915 ut,
2414 4839 2509 4923 que

514 4927 625 5009 fuerit
645 4927 807 5030 singulam
823 4930 994 5029 cujusque
1017 4928 1187 5005 orationis
1210 4953 1347 5005 summa
1365 4953 1555 5031 rerumque
1577 4929 1758 5025 mactatio,
1782 4956 2004 5035 nequaquam
2024 4934 2137 5038 posuit
2158 4934 2397 5037 pronuntiari.

1149 5099 1198 5177 A.
1253 5106 1500 5177 Orationes
1539 5103 1597 5177 ud
1634 5107 1870 5200 Populum

671 5237 708 5312 1.
758 5230 925 5310 Omnium
947 5231 1063 5332 prima
1081 5259 1149 5334 pro
1184 5234 1348 5311 concione
1377 5234 1485 5311 verba
1519 5232 1705 5338 Augustus
1747 5234 1828 5312 iecit
1864 5236 2030 5339 postridie
2051 5264 2157 5342 9666
2178 5239 2331 5319 Romaiu
2361 5241 2512 5322 incunte

515 5377 638 5432 manse
659 5350 790 5452 MaJo
778 5376 962 5453 69666966
985 5360 1079 5426 esset
1102 5353 1293 5453 Apollonia
1316 5380 1499 5451 reversus,
1525 5354 1714 5455 impetrata
1740 5355 1784 5429 ah
1804 5354 1849 5431 L
1870 5356 2048 5455 Antonio,
2069 5359 2232 5436 Tribuno
2254 5360 2388 5502 plebe,
2421 5387 2514 5442 eon·
2580 5418 2583 5425 -

515 5470 677 5550 aionandi
701 5478 898 5572 potestate:
922 5467 1169 5548 6616661.
1195 5485 1225 5566 §.
1252 5478 1316 5570 8.⁴
1343 5474 1488 5571 Cicero,
1523 5497 1568 5549 ea
1591 5473 1636 5549 de
1657 5500 1698 5549 re
1724 5498 1789 5574 per
1809 5474 1969 5551 Atticum
1998 5477 2124 5554 certior
2147 5478 2260 5557 lecim
2267 5533 2280 5579 ,
2308 5481 2424 5558 amico
2450 5493 2531 5561 ren.

517 5589 659 5695 spondit
679 5588 780 5670 Libr.
802 5587 906 5671 XIV.
929 5587 1002 5694 69.
1025 5593 1088 5670 29.
1113 5602 1145 5687 §·
1168 5592 1230 5674 5.a
1263 5643 1291 5691 „
1300 5589 1499 5693 Exspecto,
1531 5593 1587 5692 si,
1617 5599 1658 5670 ut
1677 5600 1804 5697 putas,
1834 5592 1889 5700 1..-
1903 5596 2081 5676 Antonius
2105 5585 2280 5705 produxit
2309 5600 2517 5703 066666,
