5717 6575
974 664 1222 751 EPISTOLIS,
1245 664 1498 737 conlcmnls
1519 668 1581 736 ET
1602 667 1821 738 LIBELLIS.
2320 652 2392 726 173

390 845 546 946 Augusti
574 850 671 950 opud
696 852 934 952 Imperatores
959 840 1140 932 Romanos
1164 881 1236 929 non
1258 857 1350 930 uitro
1375 855 1552 931 Neronem
1574 857 1783 935 obtinuisse.
1820 857 1912 930 Huic
1938 856 2094 957 opinioni
2118 852 2217 928 fovet
2241 853 2389 952 epistota

388 962 623 1064 imperatoris
644 970 839 1068 Commodi,
865 1000 955 1073 quoe
980 975 1110 1075 iegitur
1132 998 1195 1073 ep.
1217 974 1289 1051 Jul.
1312 972 1550 1074 Capitolinum
1577 974 1682 1052 croc.
1707 976 1792 1052 Am.
1815 1001 1847 1050 c.
1871 980 1906 1050 2.
1935 1002 1972 1074 p.
1998 979 2087 1053 080.
2113 972 2216 1049 Schn.
2240 980 2275 1045 et
2298 996 2389 1072 quoe

388 1083 522 1159 litterus
548 1098 719 1163 memorat
738 1092 895 1190 signatos
916 1093 1017 1194 signo
1041 1094 1258 1167 Amazonico
1267 1089 1331 1188 ¹⁰).
1381 1094 1567 1193 Quidquid
1589 1098 1668 1194 ejus
1689 1094 1743 1167 nci
1765 1101 1837 1189 cst,
1859 1091 1897 1166 id
1920 1093 1993 1167 veri
2021 1102 2074 1167 est
2098 1090 2385 1184 dissimillimum,

389 1206 677 1308 aposphragismo
700 1209 786 1283 illud
812 1237 834 1284 u
858 1211 1065 1287 Dioscuridu
1081 1208 1264 1314 sculptum
1287 1213 1384 1285 velut
1408 1208 1601 1309 κειμήλιον
1622 1220 1798 1286 servatum
1825 1236 2022 1313 progressu
2044 1212 2211 1309 temporis
2236 1208 2280 1282 ud
2305 1210 2387 1284 Divi

388 1324 544 1423 Augusti
568 1352 788 1403 successores
812 1329 982 1430 deinceps
1006 1332 1202 1406 transiisse.
1252 1329 1357 1430 Quae
1381 1329 1558 1430 hodieque
1594 1330 1813 1405 Dioscuridis
1848 1356 2008 1433 gemmae
2041 1338 2231 1430 supersunt
2253 1355 2294 1403 uc
2318 1354 2384 1428 gc-

387 1442 516 1516 nuinue
540 1444 722 1543 seruntur,
746 1474 895 1549 qnorum
919 1448 1010 1525 duae
1032 1450 1185 1552 Augusti
1206 1457 1311 1550 ceput
1331 1457 1617 1550 repraesentent,
1654 1475 1774 1524 earum
1796 1445 2025 1550 yupccdmpu
2048 1450 2085 1523 in
2109 1447 2256 1521 dulcium
2283 1455 2383 1521 vocnt

387 1570 426 1634 et
446 1562 609 1638 subtilius
630 1565 883 1665 explorandam
907 1593 986 1643 esse
1006 1570 1055 1643 uit
1080 1569 1127 1645 Ο.
1146 1569 1320 1643 Miitlerus
1342 1569 1529 1648 Archaeoi.
1552 1581 1585 1661 §.
1604 1572 1694 1645 200.
1720 1572 1756 1646 l.
1782 1595 1818 1667 p.
1836 1572 1924 1644 221.
1948 1565 2008 1644 ed.
2033 1573 2091 1661 2.,
2112 1575 2148 1642 et
2170 1565 2266 1641 idem
2285 1565 2384 1666 judi-

386 1680 482 1755 cium
506 1682 591 1757 fucit
614 1684 839 1760 Drumonnus
863 1687 957 1763 Hist.
982 1688 1088 1763 Rom.
1112 1690 1137 1760 Ι.
1163 1712 1196 1765 c.
1222 1684 1268 1761 de
1299 1688 1497 1784 amethysto
1530 1713 1588 1788 ap.
1619 1687 1832 1787 Lippertum
1857 1686 1999 1779 Dactyi.
2025 1687 2118 1761 Mili.
2144 1686 2197 1769 Π.
2221 1687 2267 1762 Ν.
2294 1691 2381 1763 287.

539 1802 700 1903 Denique
725 1829 815 1903 quae
839 1802 1032 1881 Suetonius
1056 1805 1125 1883 σιὼ
1149 1804 1212 1887 fin.
1235 1830 1269 1885 e.
1294 1810 1357 1887 50.
1382 1804 1430 1883 dc
1456 1805 1610 1909 Augusti
1645 1806 1812 1907 epistolas
1846 1803 2018 1881 scribendi
2049 1804 2185 1879 ratione
2217 1804 2381 1903 sulpici&

384 1918 458 2013 „sid
482 1921 645 2019 epistolas
670 1946 791 1997 omnes
815 1924 984 2000 herorum
1008 1952 1148 2029 quoque
1171 1934 1349 2001 momento
1373 1952 1438 2000 nce
1463 1923 1533 2001 dici
1557 1924 1663 2000 modo
1688 1922 1751 2000 scd
1776 1934 1812 1998 ct
1836 1925 1960 2021 noctis,
1987 1922 2114 2025 quibus
2140 1923 2241 1998 datoc
2267 1923 2379 2023 signi-

384 2035 593 2135 ficarentur,
619 2038 812 2117 uddcbot“:
838 2066 883 2118 co
906 2045 1053 2121 nimium
1079 2043 1271 2147 quemdum
1302 2068 1344 2119 uc
1367 2042 1443 2119 iere
1465 2041 1625 2145 putidam
1649 2045 1907 2118 accurationem
1932 2040 2129 2137 declarant,
2166 2068 2270 2143 quom
2296 2042 2378 2115 Au-

382 2164 511 2256 gustus
537 2160 631 2234 utin
656 2160 751 2235 omni
775 2162 847 2236 vito
872 2166 1048 2265 cultuque,
1072 2164 1123 2241 ita
1143 2165 1181 2239 in
1206 2164 1388 2239 litterariis
1413 2163 1678 2265 quoqucrchus
1698 2160 1917 2240 observabat.
1945 2160 2005 2236 Cf.
2023 2187 2131 2261 snpra
2150 2174 2183 2253 §.
2199 2167 2236 2238 3.
2253 2160 2296 2234 Ν.
2319 2166 2378 2236 11.
2466 2156 2476 2177 ⁸

385 2344 485 2357 0*-

453 2426 564 2499 10)“De
581 2430 688 2484 Gothus
704 2430 957 2507 epospimgismutc
974 2434 1029 2489 Dio
1046 2432 1169 2489 cassino:
1192 2420 1272 2493 οὗτος
1286 2430 1355 2502 γὰρ,
1406 2432 1466 2488 nois
1484 2426 1604 2501 uxorem,
1621 2432 1746 2500 referret,
1763 2438 1794 2484 nt
1812 2429 1851 2484 sit
1867 2430 2011 2485 Suetonius
2029 2448 2053 2489 c.
2071 2432 2097 2486 2.
2114 2430 2178 2499 iniq.
2193 2429 2331 2485 Berusins
2350 2434 2378 2482 et

385 2510 489 2583 inquit,
512 2520 671 2584 προγονικῷ
692 2532 748 2567 τινι
777 2520 984 2589 acceptionum,
1007 2513 1078 2575 miro
1103 2518 1133 2570 tx
1153 2514 1266 2590 πρώρας
1288 2512 1358 2575 renis
1405 2519 1551 2573 secutus
1566 2515 1596 2571 in
1616 2518 1817 2585 o‘appenuw.
1841 2516 1867 2567 d.
1886 2518 1937 2570 Gr.
1959 2530 1988 2570 u.
2011 2516 2044 2571 R.
2068 2533 2097 2587 p.
2114 2516 2174 2570 139.
2191 2547 2226 2559 -
2258 2517 2375 2585 Impera·

383 2591 580 2665 προκόπτοντα
602 2598 706 2670 ἔχοντι,
731 2596 913 2675 [χρήσασθαι]
945 2596 1090 2674 ἱνόμισεν.·
1120 2602 1166 2658 nbi
1195 2604 1356 2672 adjectivum
1407 2609 1492 2656 torem
1516 2602 1691 2657 Commodum
1721 2600 1796 2654 iliam
1826 2598 1970 2669 epistolum
1993 2598 2090 2653 Clodio
2113 2598 2214 2654 Albino
2237 2601 2272 2653 de
2293 2601 2376 2652 rebus

384 2679 556 2749 προγονικὸν
571 2682 687 2752 indicet,
709 2682 776 2739 titud
800 2687 836 2740 nd
859 2694 967 2754 gentem
989 2689 1139 2755 pertinere,
1165 2690 1240 2756 cujus
1264 2694 1355 2759 p‘atcr-
1406 2686 1512 2755 quidem
1534 2684 1648 2754 publicis
1672 2684 1816 2754 scripsisse
1842 2698 1956 2751 eumque
1978 2688 2069 2737 tomen
2092 2683 2219 2739 fertiliori
2243 2685 2320 2752 signo
2339 2682 2377 2737 si-

382 2781 446 2820 num
464 2768 595 2836 originem
613 2769 703 2824 Galba
721 2772 754 2824 ud
773 2773 879 2838 iovem,
898 2778 1044 2827 inmercum
1064 2774 1097 2826 nd
1111 2772 1265 2843 Pasiphaen
1274 2808 1286 2842 ,
1303 2772 1356 2827 us·
1407 2787 1520 2839 gnosso,
1537 2770 1668 2839 liquidum
1686 2778 1737 2823 cst:
1758 2787 1782 2825 r.
1801 2770 1917 2823 Salmas.
1935 2766 1968 2822 od
1987 2765 2014 2826 h.
2032 2769 2050 2820 1.
