5717 6575
429 615 507 693 ιιι
794 622 800 628 ·
1140 597 1730 707 5555555555555555

580 794 654 875 lx.
676 797 723 874 B.
747 791 791 871 G.
811 787 916 869 Libr.
939 787 986 867 V.
1012 813 1042 865 c.
1066 790 1129 869 45.
1151 787 1291 890 subjicit
1314 787 1421 865 baec.
1449 792 1582 864 Ταῦτα
1604 785 1682 887 μέν
1707 788 1836 873 ἔλεξαν
1857 757 2049 885 ἀλλήλοις,
2083 783 2136 874 ὥς
2158 790 2200 866 ἐκ
2225 797 2306 867 τῶν
2331 787 2423 868 ὑπο·

428 914 642 1025 μνημάτων
662 907 719 1018 ἦν
739 912 776 998 ἐς
798 937 843 988 το
830 903 1035 988 δυνατὸν
1058 905 1169 1005 ariade
1192 915 1260 1004 τῆς
1283 913 1415 1007 φωνῆς
1442 906 1672 1007 μεταβαλεῖν
1695 905 1979 1009 τεκμαιρομένῳ
2001 914 2068 1004 τῆς
2090 905 2247 1012 γνώμης
2265 915 2347 986 τῶν
2369 917 2435 990 λε·

430 1036 772 1256 λεγμένωόέιῶῐιιισ
790 1172 838 1224 ex
859 1147 927 1222 boc
951 1147 1069 1242 loco,
1070 1142 1180 1220 fontis
1202 1143 1336 1239 indice,
1371 1143 1488 1246 colligi
1510 1143 1611 1240 licet,
1634 1144 1843 1248 Angustus,
1867 1145 2126 1233 Historioorum
2147 1171 2279 1223 morem
2304 1147 2425 1223 imite-

428 1288 488 1359 tus
513 1276 555 1354 ἐν
578 1276 658 1356 τοῖς
680 1261 947 1366 ὑπομνήμασι,
984 1263 1122 1341 videtur
1147 1262 1193 1339 L
1218 1263 1415 1339 Antonium
1447 1264 1796 1366 secumloquantem
1822 1290 1933 1404 seque
1966 1267 1999 1340 ei
2031 1266 2300 1367 respondentem
2324 1266 2428 1343 indu·

427 1394 541 1480 xisse.
592 1388 701 1494 Quod
724 1385 776 1461 ibi
800 1385 989 1486 proposuit
1015 1407 1099 1457 ase
1120 1408 1332 1483 responsum
1361 1408 1446 1457 num
1472 1384 1674 1496 genuinum
1690 1383 1820 1479 fuerit,
1848 1386 1924 1459 sive
1946 1383 1992 1457 ad
2015 1386 2254 1523 primiceriam
2276 1386 2428 1462 litterum

274 1554 278 1564 ι
382 1563 390 1574 ·
429 1517 647 1649 descriptum
671 1508 747 1584 sive
769 1505 941 1580 memoria
964 1509 1102 1578 tantum
1128 1500 1354 1597 custoditum,
1385 1502 1531 1580 anobis
1560 1504 1692 1579 certius
1721 1502 1860 1578 deliniri
1886 1511 2025 1603 posset,
2052 1505 2084 1579 si
2110 1513 2429 1602 constaret,eum

426 1643 505 1743 jam
528 1641 605 1709 tum
628 1629 666 1703 in
690 1625 934 1702 Triumviratu
957 1628 1127 1698 consueto
1153 1646 1222 1696 suo
1246 1645 1365 1715 mom,
1396 1616 1443 1694 de
1474 1646 1545 1722 quo
1577 1647 1706 1721 supra
1716 1621 1818 1697 Libr.
1843 1621 1911 1697 ΙΙΙ.
1944 1625 2040 1715 55.
2072 1622 2206 1698 dictum
2232 1630 2307 1720 est,
2344 1647 2429 1726 gra·

430 1755 551 1832 viores
576 1770 756 1843 sermones
781 1742 910 1818 cbartis
934 1739 1119 1817 mandatos
1151 1738 1196 1814 de
1222 1740 1354 1841 scripto
1382 1739 1549 1814 recitasse
1580 1753 1773 1842 eorumque
1801 1741 1991 1841 archetypa
2021 1766 2197 1818 servasse.
2246 1741 2293 1816 ld
2312 1752 2429 1818 autem

400 1854 404 1871 ⁴
432 1871 711 1954 addub1tonum
736 1869 818 1937 ante
839 1867 1055 1936 senectutem
1086 1859 1278 1933 memoriae
1307 1881 1394 1933 suae
1427 1855 1565 1933 d1ffisus
1571 1910 1585 1955 ,
1617 1859 1711 1934 certe
1740 1867 1821 1934 ante
1851 1860 2094 1959 Principatum
2123 1861 2326 1937 instituerit.
2376 1861 2430 1938 Ao

423 2008 505 2098 'qno
530 1985 670 2066 undem
694 1989 798 2083 pacto
822 1986 1018 2057 statuemus
1042 2004 1125 2054 eum
1150 1983 1291 2052 nactum
1316 2001 1396 2051 esse
1421 1978 1574 2077 primum
1604 1979 1780 2053 sermonis
1811 1978 2001 2054 Antoniani
2034 1974 2243 2080 exemplari
2294 1979 2429 2055 Idcirco

430 2138 506 2201 sen
494 2112 585 2184 est
609 2103 756 2181 simibus
783 2099 827 2175 ab
851 2100 1018 2200 Augusto
1047 2097 1097 2172 ibi
1127 2122 1199 2172 non
1232 2096 1303 2170 nisi
1334 2095 1450 2195 prima
1484 2098 1580 2170 velut
1610 2098 1761 2173 stamina
1792 2097 1943 2173 istarum
1969 2098 2167 2173 orationum
2198 2096 2303 2189 ducta
2338 2123 2429 2194 esse,

436 2240 474 2310 et
505 2231 678 2331 qnantum
706 2214 964 2296 reminiscendo
993 2222 1135 2318 posset,
1166 2214 1393 2318 gravissimas
1427 2214 1554 2290 litteris
1582 2218 1805 2319 consignatas
1831 2242 1911 2293 csse
1938 2212 2156 2313 sententias,
2187 2242 2279 2318 quae
2302 2217 2343 2292 in
2366 2215 2431 2293 boc

434 2350 622 2448 utriusque
657 2340 824 2417 sermone
860 2337 962 2438 qnasi
990 2335 1159 2410 familiam
1196 2332 1390 2408 duxissent.
1451 2332 1542 2408 llinc
1572 2335 1677 2409 etiam
1703 2337 1848 2434 planum
1881 2343 1956 2432 est,
1993 2343 2056 2437 qul
2080 2337 2155 2412 licii
2182 2337 2429 2437 potuerit,ut

432 2469 640 2571 Appianus,
667 2458 828 2562 55555555
851 2454 945 2530 lidus
982 2453 1223 2552 interpres,
1211 2479 1250 2527 1n
1272 2449 1521 2526 transferenda
1551 2449 1598 2528 L.
1621 2453 1774 2528 Antonii
1815 2453 1975 2528 oratione
2006 2455 2153 2530 bberius
2187 2454 2429 2557 prolixiusque

431 2594 598 2668 versutum
625 2579 694 2655 arti
718 2576 832 2678 magis
856 2599 962 2676 quam
985 2572 1160 2648 vcritnti
1149 2570 1340 2646 inservisse
1369 2568 1549 2665 videatur,
1594 2572 1754 2674 oontrtt'
1741 2598 1780 2646 1n
1809 2572 2040 2648 convertendo
2070 2575 2225 2676 Augusti
2256 2600 2429 2676 responso

432 2703 627 2786 studiosius
651 2694 789 2785 verba
788 2695 957 2796 presserit
982 2694 1233 2796 propriamque
1258 2694 1336 2791 ejus
1360 2690 1610 2766 sententiarum
1631 2690 1839 2767 brevitatem
1865 2700 1901 2767 et
1932 2690 2074 2793 pondus
2098 2693 2304 2786 concinnius
2329 2695 2430 2770 cxlu'·

432 2825 569 2906 buerit.
593 2816 669 2895 vid.
693 2841 802 2935 supra
823 2812 926 2891 Libr.
948 2813 1015 2890 Ill.
1041 2823 1074 2906 5.
1097 2817 1135 2889 4.
1159 2811 1205 2889 N.
1230 2817 1293 2887 32.
1348 2808 1552 2886 Ridiculum
1583 2811 1678 2884 anim
1703 2819 1759 2886 est
1784 2809 1950 2908 credere,
1981 2809 2028 2888 L.
2051 2811 2283 2888 Antonium
2271 2837 2309 2888 m
2332 2821 2428 2889 tanto

435 2969 557 3023 rarum
576 2935 773 3012 discrimine
798 2957 840 3009 ae
865 2933 1021 3033 periculo
1046 2940 1120 3006 tam
1145 2930 1304 3032 perfecte
1329 2937 1474 3032 tamque
1497 2931 1608 3004 multa
1626 2931 1781 3013 locutum
1802 2955 1894 3005 esse.

589 3056 844 3157 Quaecumque
872 3054 981 3154 igitur
1015 3050 1206 3151 Appianas
1241 3048 1285 3124 de
1320 3048 1494 3124 Perusiae
1527 3047 1712 3123 traditione
1732 3049 1854 3124 -nobis
1884 3047 2077 3124 memoriae
2104 3047 2243 3150 prodita
2275 3040 2426 3155 reliquit,

437 3209 499 3280 ea,
532 3178 565 3255 si
597 3175 839 3249 tractationem
868 3173 1101 3270 spectaveris,
1142 3168 1400 3269 propemodum
1437 3168 1576 3267 singula
1614 3168 1771 3268 Augusti
1811 3167 2025 3267 peculiarem
2055 3168 2231 3265 indolem,
2272 3172 2428 3273 vigorem

420 3296 729 3445 prudentiamque
755 3291 842 3366 mihi
864 3289 1024 3365 redolere
1051 3286 1229 3363 videntur.
1281 3285 1414 3370 Cuncta
1445 3288 1540 3361 enim
1573 3285 1788 3388 singularem
1820 3290 1955 3388 spirant
1990 3286 2287 3387 moderationem,
2311 3316 2428 3367 raram

434 3424 513 3499 irae
543 3423 579 3494 et
610 3414 751 3489 ultionis
783 3410 1039 3486 continentiam
1064 3406 1223 3507 adeoque
1255 3406 1440 3480 amabilem
1468 3402 1657 3505 quamdam
1692 3405 1915 3482 humanitatis
1951 3406 2205 3484 mollitudinem
2213 3410 2289 3506 ,⁵9)
2325 3436 2428 3512 qnnm

436 3541 483 3618 ab
509 3531 708 3636 Augusto
697 3555 735 3604 m
760 3526 956 3603 enarranda
979 3528 1045 3602 bac
1066 3552 1106 3601 re
1129 3526 1328 3602 affectatam
1360 3523 1628 3624 simulatamque
1663 3524 1773 3599 5ιί555
1801 3551 1974 3627 perquam
1998 3525 2183 3627 probabile
2206 3534 2276 3616 est.
2328 3529 2428 3629 Ques

437 3684 518 3737 aum
542 3655 593 3728 ita
616 3651 707 3745 sint,
733 3650 849 3722 nullus
876 3644 1018 3741 dubito,
1045 3646 1131 3745 quin
1153 3671 1234 3719 cum
1258 3646 1337 3738 alia,
1365 3666 1458 3743 quac
1484 3643 1667 3744 speciatim
1691 3643 1761 3718 buc
1784 3645 1973 3745 pertinent,
1998 3669 2046 3722 ex
2068 3650 2146 3748 ejus
2159 3646 2428 3726 Commentariis

437 3778 484 3855 de
507 3774 592 3851 Vita
614 3774 796 3869 assumpta
820 3768 906 3870 sint,
931 3772 1007 3839 tum
1031 3764 1191 3864 inprimis
1213 3764 1299 3859 boe,
1325 3761 1419 3863 quod
1543 3839 1556 3862 ,

589 3923 640 3999 X.
664 3919 850 4020 Appianus
873 3918 918 3994 B.
946 3915 988 3993 0.
1013 3914 1115 3992 Libr.
1138 3915 1185 3991 V.
1211 3940 1242 3990 c.
1267 3916 1331 3991 49.
1356 3912 1481 3990 babet:
1516 3916 1592 4007 Τῆς
1620 3910 1661 4002 δ’
1689 3910 1886 4009 ἐπιούσης,
1912 3913 1932 3989 ὅ
1958 3909 2030 4013 μέν
2053 3919 2202 4015 Καῖσαρ
2230 3916 2427 3997 ἐσπένδετο

337 4137 340 4144 ,
436 4048 591 4126 ἅπασιν
656 4035 755 4116 ool
779 4032 938 4136 στρατὸς
958 4030 1030 4110 οὖν
1055 4028 1213 4108 ἐπαύετο
1238 4028 1299 4106 ἐπέ
1321 4052 1397 4106 τισι
1427 4029 1617 4131 θορυβῶν
1655 4029 1723 4115 ἕως
1765 4027 2023 4133 ἀνῃρέθησαν.
2072 4032 2149 4109 Καὶ
2169 4028 2271 4131 ἦσαν
2294 4037 2336 4114 οἱ
2354 4036 2428 4138 μοί-

321 4155 327 4165 ’
436 4173 545 4241 λιστα
565 4154 756 4256 Καισαρος
782 4150 915 4253 ἐχθροὶ
939 4178 975 4226 κ.
1000 4176 1035 4228 τ.
1062 4157 1093 4226 λ.
1415 4172 1419 4178 ·

590 4276 696 4377 Quae
721 4281 762 4348 ut
794 4278 888 4345 recte
919 4268 1173 4369 intelligamus,
1202 4264 1488 4369 praecedentium
1517 4265 1677 4342 ordinem
1706 4294 1827 4345 rerum
1860 4268 1958 4372 apud
1986 4269 2194 4372 Appianum
2224 4264 2426 4375 repetamus

440 4421 589 4481 necesse
614 4399 680 4468 cst.
731 4376 933 4465 Postridie
930 4414 1039 4490 quam
1063 4386 1108 4462 L
1133 4388 1310 4465 Antonius
1339 4413 1420 4461 cum
1450 4387 1620 4499 Augusto
1641 4389 1779 4463 locutus
1804 4388 1962 4464 fuerat
1949 4415 2059 4491 mque
2090 4388 2213 4466 urbem
2245 4392 2426 4471 Perusiam

438 4519 593 4599 redierat
616 4510 706 4592 datis
731 4506 960 4611 pignoribus,
984 4508 1137 4609 primum
1161 4506 1262 4582 missi
1287 4504 1442 4582 suntad
1467 4506 1635 4581 rictorem
1659 4507 1838 4582 exercitus
1863 4503 2112 4584 veteranorum
2130 4534 2245 4612 aeque
2270 4537 2315 4587 ao
2340 4514 2426 4591 tiro·

282 4695 288 4711 .
438 4666 543 4734 num,
576 4632 640 4735 qui
668 4625 964 4703 intercedentibus
994 4626 1237 4723 Caesarianis,
1261 4624 1431 4725 depositis
1464 4626 1592 4721 armis,
1632 4624 1870 4725 impunitatem
1907 4626 2152 4734 impetrarunt.
2210 4629 2352 4709 Deinde
2381 4660 2424 4709 ex

438 4756 530 4833 urbe
550 4748 735 4827 aroessitua
761 4745 816 4823 est
839 4744 885 4823 L.
898 4746 1074 4823 Antonius
1099 4770 1181 4819 cum
1205 4742 1436 4819 nobilioribus
1458 4768 1506 4818 ex
1530 4742 1759 4819 senatoribus
1784 4750 1821 4819 et
1834 4742 2024 4847 Equitibus
2046 4746 2227 4825 Romanis.
2261 4746 2362 4826 Ἐπεὶ
2385 4750 2423 4827 δι’

440 4869 646 4974 ἀφίκοντο,
670 4866 784 4968 inquit
805 4855 998 4966 Appianas
1017 4890 1050 4942 c.
1074 4868 1160 4959 ts,
1182 4858 1352 4939 Λεύκιον
1369 4857 1443 4960 μέν
1468 4856 1489 4936 ὃ
1513 4865 1661 4961 Καῖσαρ
1683 4861 1809 4961 ἑαυτῷ
1829 4859 2108 4961 παρεστήσατο·
2131 4869 2212 4941 τῶν
2237 4862 2280 4942 di
2303 4866 2425 4947 ἄλλων
2478 4922 2482 4932 -

422 4987 530 5075 ’τούς
551 4981 623 5086 μὲν
647 4983 684 5061 οἴ
709 4979 812 5083 φίλοι
834 4980 1045 5083 Καίσαρος,
1076 4977 1166 5064 τοὺς
1197 4977 1239 5056 dd
1271 4980 1308 5056 οἱ
1338 4976 1496 5083 λοχαγοὶ
1525 4975 1721 5077 διέλαβον,
1760 4975 2102 5083 apodadlduype‘r'ot
2125 4978 2283 5070 πάντες,
2312 4986 2350 5071 ἐς
2371 5015 2425 5064 τι·

441 5106 519 5208 μὴν
544 5100 707 5208 ἀπᾶγειν
732 5097 816 5201 ἅμα
848 5097 915 5177 καὶ
943 5094 1119 5203 φυλακὴν
1145 5087 1366 5195 ἅσ5μ5ν,99)
1427 5096 1487 5174 En
1517 5095 1741 5200 Augustum,
1774 5094 1931 5175 bostium
1957 5098 2248 5205 inimicorumque
2283 5130 2425 5183 snorum

508 5434 1409 5514 aa)tlneaesprtintruusemuepu1n,qnorosmapnml-
1459 5439 1555 5505 putem
1556 5388 2254 5535 oreepondetebluguetodetemessemepleurq
2255 5456 2425 5517 mnf„

441 5528 562 5588 untlm
543 5542 661 5581 nemea
628 5519 962 5596 cmpoettumsppimm
930 5522 1154 5581 usmllcbiab
1170 5521 1245 5578 V.a
1261 5520 1305 5575 ld.
1321 5520 1409 5575 aar.
1462 5519 1598 5576 nuttam
1572 5520 1706 5588 meqbex
1670 5520 2072 5578 exesrtolleretbnnanlteten
2043 5522 2423 5605 555.555551,55.ΙΠ.55.5

441 5611 589 5673 alento
589 5607 1023 5680 unmttmqoeoretiunoulen
1025 5621 1092 5678 ,que
1102 5603 1293 5726 5555555555
1295 5609 1395 5661 aum
1529 5602 1577 5675 eo)
1593 5604 1626 5661 1..
1631 5604 1779 5664 55551555
1795 5620 1887 5664 ennae
1903 5607 2075 5666 comtimt
2090 5608 2205 5736 scriptor
2204 5624 2236 5667 ee
2252 5609 2288 5667 eb
2305 5616 2423 5687 Αιςιιω
